3025 4784
262 283 308 356 ιο
388 227 390 234 ’
618 281 798 354 uuonan
822 283 1006 353 caunum

118 530 147 552 ..
217 464 243 520 D
259 455 319 545 πρὸ
332 461 388 540 τῆς
401 449 605 542 παραβάσεως
616 462 661 545 τῷ
676 453 849 546 ἀνθράπῳ,
869 454 964 538 διότι,
984 457 1094 546 φησίν,
1113 455 1130 525 ὅ
1144 454 1216 546 ὄφις
1230 455 1357 548 ἀνθρω-

255 562 326 648 πίνῃ
345 566 434 648 φωνῇ
450 557 577 643 ἐλόλησε
590 565 630 648 τῇ
643 559 722 654 Erip.
772 570 859 628 πᾶσα
878 562 914 628 δέ
937 562 1042 648 λογική
1060 559 1153 649 φόσις
1168 563 1239 628 κατ’
1254 563 1356 630 εἰκόνα

150 734 158 755 Ι
254 669 349 743 θεοῦ,
374 669 472 728 ταῦτα
492 663 527 728 δέ
548 663 604 730 οόκ
627 666 683 731 εἰσί
705 665 785 730 κατὰ
803 663 904 731 εἰκόνα
918 671 1015 730 θεοῦ·
1040 665 1094 731 τόν
1110 665 1169 752 γὰρ
1183 664 1260 753 ὄφιν
1276 663 1354 749 δμο-

255 772 405 852 λογοῦμιν
427 767 620 852 λελαληκίνπι
641 773 679 854 τῇ
700 767 787 860 Εόφ,
807 766 909 851 στόμα
931 765 1089 853 γενόμενον
1102 776 1147 858 τῷ
1160 775 1260 859 νοητῷ
1272 768 1354 858 ὄφει,

254 871 288 936 ἐν
304 861 331 960 ᾧ
347 866 509 957 ἐνεργήσας
521 867 563 947 ὥς
577 866 704 954 συνήθει
720 869 786 938 ὄντι
797 877 843 960 τῷ
857 869 1014 960 ἀνθρώπῳ
1027 873 1113 960 παρὰ
1126 872 1167 938 sti
1184 874 1277 938 λοιπά
1289 878 1378 957 θοή-5

255 975 309 1061 ρία
335 972 377 1038 δι’
403 973 498 1038 αὐτοῦ
521 969 656 1058 ήπάτησε
679 975 752 1052 τοάς
775 972 988 1064 προπάτορας,
1011 971 1030 1040 ό
1052 977 1131 1058 μετὰ
1147 983 1237 1042 τοῦτο
1255 979 1306 1041 καί
1320 978 1355 1042 ἐν
1508 984 1509 1071 l

251 1073 390 1160 ἀιμόχοις
404 1074 538 1154 εἰδώλοις
552 1073 689 1160 λαλήσας
700 1087 765 1156 τοῖς
775 1077 831 1143 ἀπ’
847 1079 942 1145 uisui
956 1081 1146 1146 δελεασθεΐσι
1156 1076 1355 1165 πολυτρόπως

254 1177 500 1264 εἰδωλολάτραις.
548 1179 583 1246 τὸ
600 1181 633 1246 δὲ
647 1177 722 1248 εἰναι
737 1180 792 1249 τὸν
804 1180 878 1270 ὄφιν
891 1179 1061 1270 τετράπουν
1074 1183 1110 1248 τὸ
1125 1184 1195 1269 πρὶν
1210 1184 1261 1246 καί
1274 1181 1354 1265 μετὰ

249 1281 310 1368 πήν
322 1281 459 1370 πονηρὰν
476 1278 628 1368 εἰσήγησιν
640 1281 839 1372 ἐρπαστικόν,
863 1289 915 1352 aul
928 1286 974 1351 ἰδν
987 1285 1070 1374 αὐτῷ
1083 1287 1132 1352 ἐπὶ
1144 1285 1200 1370 τήν
1211 1289 1354 1370 γλῶσσαν

182 1387 238 1446 Pi
254 1387 413 1470 ίντεθήναι
419 1432 431 1466 ,
456 1384 511 1452 uria
528 1385 724 1471 inseruimus.
774 1386 926 1478 φρόνιμος
937 1390 971 1455 δέ
984 1386 1002 1454 ό
1015 1387 1086 1477 ὄφις
1099 1386 1232 1472 ἐκλήθη,
1254 1387 1302 1454 ὅτι
1315 1386 1352 1454 τό
1361 1401 1395 1456 10

255 1489 376 1575 λογικόν
399 1489 475 1576 ζῷον
494 1486 548 1554 τόν
571 1487 738 1578 ἄνθρωπον
743 1539 755 1572 ,
781 1494 833 1558 καί
852 1499 914 1558 τῶν
932 1491 1033 1558 ἄλλων
1044 1492 1180 1582 ἀγχινοίφ
1195 1492 1353 1578 διαφέρον,

254 1595 409 1672 ἐξαπατᾶν
421 1590 552 1676 ἔμελλεν.
586 1592 674 1660 ἀλλον
686 1595 723 1660 δέ
732 1620 827 1682 φασιν
837 1594 884 1660 ότι
897 1595 934 1661 aei
948 1602 992 1684 τῷ
1007 1597 1086 1661 κατὰ
1098 1595 1260 1681 προφορὰν
1272 1591 1355 1682 λόγῳ

253 1692 271 1762 ὃ
289 1694 360 1782 ὄφις
375 1692 543 1782 ἐχρήσατο·
567 1695 638 1760 ἀλλ’
662 1697 692 1762 ui
708 1696 968 1786 πρωτόπλασνοι,
985 1697 1038 1764 ise
1057 1701 1163 1774 κακίας
1180 1695 1263 1774 ὄντες
1279 1695 1355 1778 ἀμι-

252 1807 332 1884 γεῖς,
357 1795 578 1880 ἀκριβεστάτας
602 1796 682 1882 εἰχον
701 1802 758 1879 τάς
780 1799 942 1886 αἰσθήσεις
961 1804 1011 1866 καί
1032 1801 1109 1866 πολδ
1125 1806 1186 1866 τῶν
1201 1797 1354 1885 ἡμετίρων

253 1899 512 1980 διαλλαποόσας,
539 1901 617 1968 ὥστε
636 1902 694 1986 τήν
716 1903 814 1987 ἀκοὴν
839 1904 940 1969 αὐτῶν
962 1902 1062 1987 πάσης
1084 1900 1229 1987 ὕπάρχειν
1249 1909 1396 1990 φωνῆς15

252 2002 444 2088 ἀκουστικήν.
495 2005 597 2090 ἐπειδὴ
620 2004 680 2092 γάρ
701 2006 850 2090 βασιλεδς
865 2005 968 2092 ὥσπερ
983 2004 1127 2093 προήχθη
1143 2007 1175 2070 ἐν
1189 2013 1233 2094 τῷ
1245 2004 1352 2093 κόσμῳ

251 2103 270 2174 ό
292 2105 476 2195 ἄνθρωπος,
502 2105 626 2186 εἰκότως
644 2108 715 2174 κατ’
735 2107 836 2176 εἰκόνα
853 2110 1129 2194 θεοιῖγεγίννηται·
1147 2108 1207 2174 ἐδτι
1223 2109 1282 2196 γάρ
1298 2107 1353 2174 τόν

250 2211 403 2296 μέλλοντα
424 2209 528 2298 ἀρχειν
546 2218 608 2278 τῶν
628 2210 731 2276 ἀλλων
750 2209 853 2298 ὥσπερ
864 2211 935 2278 τινά
947 2208 1048 2278 εἰκόνα
1059 2209 1135 2277 εἰναι
1146 2211 1285 2296 ἔμψυχον
1296 2216 1353 2295 τῆς

251 2319 309 2379 'cuii
329 2315 546 2396 παμβασιλέως
562 2310 756 2398 ὁμοιότητος,
779 2313 836 2380 οόκ
851 2315 884 2382 ἐν,
897 2316 1064 2402 πορφυρίδι
1078 2317 1128 2380 καί
1142 2312 1286 2403 σκήπτρῳ
1300 2315 1352 2380 κοιλ

210 2425 235 2481 Β
253 2413 419 2501 διαδήματι
435 2415 491 2501 τήν
506 2417 593 2496 ἀξίαν
607 2418 812 2505 ἐμφαίνοντα,
835 2417 899 2484 ἐπεὶ
913 2420 992 2500 μηδὲ
1004 2417 1038 2483 τὸ
1053 2417 1222 2504 ἀρχέτυπον
1235 2420 1268 2483 ἐν
1278 2414 1395 2490 πρό-ω

250 2543 317 2598 τοις
340 2520 438 2600 ἐστίν,
465 2519 535 2586 ἀλλ’
554 2522 646 2610 ἐντῷ
662 2525 876 2605 κεκοσμῆσθαι
889 2526 930 2608 τῇ
944 2521 1109 2612 ἀφθαρσίᾳ
1125 2523 1176 2587 καὶ
1193 2521 1352 2613 ἀθανασία

251 2625 310 2691 καὶ
320 2622 430 2713 ἀρετῇ·
454 2620 574 2703 τοότοις
586 2623 647 2714 γάρ
660 2625 803 2711 τιμηθεὶς
817 2620 835 2694 ό
847 2623 1014 2712 ἄνθρωπος
1025 2625 1082 2709 τήν
1094 2623 1171 2712 πρὸς
1182 2623 1218 2690 τό
1231 2620 1355 2712 πρωτό-

250 2785 366 2842 minibus
387 2803 455 2842 rees
474 2802 525 2841 usa
541 2789 612 2840 sunt.
645 2801 705 2840 nam
722 2784 844 2856 (inquit)
860 2802 971 2857 serpens
986 2784 1098 2839 hnmana
1120 2802 1187 2840 vaes
1206 2785 1292 2839 ilvam
1310 2789 1353 2840 est

249 2857 390 2911 allocutus.
425 2855 509 2910 omnis
530 2863 617 2910 autem
632 2863 727 2909 natura
742 2856 847 2908 ntiane
879 2855 982 2909 medita
998 2863 1041 2908 est
1055 2856 1197 2908 secundum
1211 2855 1353 2924 imaginem

250 2924 306 2978 dei.
342 2930 371 2980 at
387 2941 451 2978 vere
467 2925 520 2978 ists
539 2941 592 2978 nan
609 2931 672 2977 sunt
689 2925 762 2977 iacta
777 2871 919 2978 secunlum
935 2923 1072 2992 imaginem
1090 2924 1161 2978 elei·
1178 2923 1276 2978 etenim
1291 2941 1352 2978 ser-

250 3001 358 3064 pentem
377 2994 492 3048 fatemur
506 2994 583 3048 Evae
606 2995 690 3046 verba
705 2993 818 3060 iecisse,
845 2993 885 3047 ita
900 2993 1005 3062 quidam
1024 3002 1055 3045 ut
1070 2992 1095 3046 is
1114 2993 1169 3045 eris
1189 2992 1248 3047 Ιοοο
1269 2991 1355 3047 fuerit

251 3061 386 3132 serpenti,
405 3078 481 3131 quam
497 3070 525 3116 et
541 3061 716 3132 signifieatum
732 3061 908 3131 intelligentia
919 3061 1146 3132 deprehendimus.
1183 3062 1226 3115 hie
1241 3061 1303 3130 illo,
1320 3069 1353 3116 ut

251 3147 310 3185 eum
327 3131 432 3185 homine
448 3131 507 3200 plus
524 3147 601 3200 qaam
626 3131 734 3201 reliquis
756 3131 794 3185 sit
814 3131 988 3185 animantibus
1010 3129 1207 3185 consuetudinis
1228 3131 1352 3198 maante,

250 3217 315 3254 usus
333 3199 521 3268 instrumento,
539 3201 645 3270 generis
657 3199 742 3254 nostri
755 3208 877 3256 auctores
888 3200 1004 3271 decepit.
1037 3200 1107 3253 idem
1120 3199 1257 3268 postmodo
1269 3199 1352 3253 etiam

250 3269 279 3322 in
296 3269 440 3324 simulam-is
454 3271 576 3324 inanimis
589 3270 691 3324 locutus
708 3277 749 3324 est
765 3270 800 3323 ad
816 3268 899 3324 variis
916 3269 1000 3322 morlia
1016 3287 1033 3323 a
1049 3287 1080 3323 ae
1095 3269 1228 3321 inescatos
1243 3267 1351 3326 simula-

250 3355 354 3392 crorum
378 3339 502 3393 uultures.
544 3357 630 3410 neque
655 3347 742 3393 temen
767 3357 820 3392 non
841 3339 971 3393 medimna
994 3347 1144 3409 serpentem
1167 3337 1245 3390 initia
1266 3337 1350 3392 inisse

250 3409 462 3478 quadrupedem,
489 3425 521 3460 au
536 3417 598 3478 post
614 3407 768 3462 malitiosam
786 3409 863 3462 istam
883 3406 1059 3461 inductionem
1074 3407 1143 3462 humi
1160 3407 1284 3476 serpendi
1301 3425 1350 3460 ne-

250 3477 377 3530 cessitate
394 3477 562 3546 adstrictum,
583 3477 741 3548 linguaeque
757 3477 815 3532 eius
830 3479 905 3531 virus
919 3477 1077 3546 impositum.
1111 3484 1221 3528 uocatus
1235 3482 1278 3530 eet
1290 3492 1350 3529 ser-

249 3563 316 3616 pens
334 3547 456 3614 callidus,
474 3547 544 3615 quud
559 3547 672 3614 homini,
690 3548 794 3600 animali
806 3549 909 3602 ratione
944 3545 1045 3600 raeditu
1063 3553 1092 3599 et
1106 3545 1217 3614 reliquis
1230 3546 1350 3599 acumine

250 3615 346 3668 mentis
366 3616 511 3686 praestanti
534 3625 605 3670 esset
625 3616 804 3685 impositurus.
845 3616 891 3670 alii
915 3565 1005 3669 «linunt
1025 3633 1078 3668 nun
1102 3614 1235 3684 expressis
1258 3615 1350 3669 verbis

248 3699 324 3737 usum
342 3694 507 3754 serpentem,
532 3687 578 3739 sed
603 3685 688 3755 primu
710 3693 815 3739 creatos
832 3686 964 3751 homines,
987 3693 1080 3768 utpote
1102 3686 1136 3737 ab
1161 3683 1232 3736 omni
1249 3682 1350 3738 malitia

246 3769 343 3823 puros,
361 3753 524 3806 acutissimos
542 3753 666 3808 habuisse
683 3771 777 3808 senene
793 3755 926 3823 multoque
942 3761 1039 3807 nestris
1057 3753 1278 3823 praestantiorem
1294 3753 1348 3806 ita-

244 3837 299 3944 pus
316 3837 364 3874 suu
382 3823 473 3876 auditu
491 3823 575 3877 omnia
594 3825 667 3877 vocis
685 3841 785 3892 genera
799 3823 960 3893 percepisse.
995 3824 1100 3892 qnando
1127 3824 1196 3875 enim
1218 3823 1248 3876 in
1272 3839 1349 3876 mun-

266 3907 305 3943 um
324 3889 400 3944 homo
415 3899 539 3961 tanquam
555 3911 604 3948 rex
621 3893 764 3963 productus
781 3893 849 3963 init,
876 3891 1052 3947 conveniebat
1074 3909 1132 3946 eum
1153 3893 1187 3946 ad
1208 3891 1348 3962 imaginem

246 3961 292 4013 slei
305 3960 402 4014 iactum
415 3979 487 4014 esse=
506 3963 603 4034 quippe
618 3963 760 4032 oportebat
773 3979 831 4015 enm
845 3963 891 4032 qui
904 3961 963 4014 aliis
976 3971 1047 4015 esset
1057 3962 1248 4031 imperaturus,
1264 3959 1348 4014 veluti

247 4028 387 4100 imaginem
404 4031 533 4100 quandam
547 4032 685 4086 animatam
701 4049 761 4086 esse
775 4031 953 4085 similitudinis
970 4031 1027 4086 eins
1043 4031 1089 4102 qui
1105 4047 1153 4084 rex
1166 4039 1209 4084 est
1220 4029 1348 4094 omnium3

248 4098 296 4167 qui
321 4117 373 4154 non
395 4117 512 4172 purpura
536 4119 581 4156 sce
600 4109 641 4154 tro
666 4119 698 4154 au
721 4099 869 4155 diademate
899 4100 1053 4169 dignitatem
1081 4117 1155 4154 auam
1180 4107 1347 4166 monstraret,

247 4170 353 4236 quando
369 4176 398 4222 et
413 4169 546 4239 exemplar
563 4121 599 4225 κό
612 4172 683 4240 quod
698 4169 742 4224 ille
758 4170 843 4225 faetus
859 4178 902 4224 est
918 4169 983 4224 nibil
1005 4170 1098 4224 luorum
1119 4170 1215 4235 luebat,
1240 4168 1288 4220 sed
1312 4185 1345 4218 eo

246 4240 319 4304 quod
339 4239 462 4293 interitus
481 4239 615 4294 vacuitate
635 4239 831 4294 immortalitate
854 4258 887 4293 aa
910 4239 1010 4294 virtute
1033 4246 1175 4294 exerentes
1190 4243 1275 4290 esset:
1304 4235 1346 4288 luis

248 4305 318 4362 enim
340 4309 420 4364 rebus
443 4309 583 4367 decoratus
603 4309 680 4367 homa
703 4307 899 4368 similitudinem
922 4308 1115 4382 imaginemque
1136 4303 1293 4376 exemplaris
1310 4303 1345 4359 ad
