3025 4784
422 236 718 311 msuoultnuu
744 237 1037 308 coufunnluun
1235 235 1285 306 57

180 411 231 476 καί
257 407 359 488 οὕτως
381 409 472 480 έκεῖσε
493 409 643 500 εἰρηνικάς
666 411 861 494 διαθέμενοι,
881 409 1038 494 ’Λβιμέλεχ
1056 408 1111 492 μέν
1128 407 1207 491 μετὰ
1224 414 1284 505 suiv
1318 389 1322 400 ’

181 515 300 580 οέκείων
316 515 422 582 οίκαιλε
437 518 624 600 ἐπανῆλθεν,
645 514 788 602 Ἀβραάμ
803 517 837 581 δέ
853 513 1020 602 άρουρανῆ
1033 518 1165 597 λειμῶνα
1180 513 1226 577 ἐπὶ
1239 516 1284 598 τῷ

180 624 235 682 τοῦ
262 617 358 705 ὅρκου
384 621 492 706 φρέατι
517 617 669 706 φυτεύσας
690 619 725 684 τὸ
748 617 847 701 ὄνομα
867 619 1038 701 ἐπικίκληκε
1061 618 1184 702 κυρίου,
1209 615 1285 690 θεὸς

182 719 314 798 οίαίνιος.
368 725 410 800 εἲς
429 723 518 805 βαθὺ
541 715 594 788 οὖν
614 730 712 810 γῆρας
734 721 846 798 ἐλάσας
863 718 1020 805 Ἀβραάμ,
1052 722 1103 784 καὶ
1127 716 1285 802 γενόμενος

154 826 258 892 distis
273 823 350 910 ρος’,
377 827 504 909 μετέστη
521 826 596 912 πρὸς
608 827 661 892 τὸν
675 823 760 890 θεάν.
812 832 919 890 τοῦτον
931 823 1035 889 Ἰσαάκ
1050 826 1100 886 καὶ
1111 821 1237 904 Ἰσμαὴλ
1253 820 1283 918 οἳ

178 926 244 991 uiui
257 928 354 1015 αὐτοῦ
367 931 399 994 ἐν
413 935 457 1018 τῷ
470 933 567 1016 διπλῷ
581 932 719 1016 σπηλαίῳ
734 929 811 1010 μετὰ
824 926 952 1013 Σάρρας
964 928 1139 992 κατέθεντο.

285 1032 379 1096 Μετὰ
404 1039 501 1097 ταῦτα
525 1033 736 1118 ἀνδρωθέντος
757 1031 860 1098 Ἰσαὰκ
884 1032 998 1112 ἐγένετο
1022 1029 1110 1112 λιμὸς
1133 1029 1164 1093 ἐν
1186 1034 1224 1113 τῇ
1245 1031 1285 1114 γῇ

180 1133 292 1198 αὐτῶν.
343 1132 491 1200 κωλάεται
516 1135 658 1222 δὲπαρά
684 1143 738 1200 τοῦ
764 1140 841 1199 θεοῦ
866 1138 909 1210 εἰς
932 1133 1091 1218 Αἴγυπτον
1115 1130 1322 1208 κατελθεῖν,Β

180 1241 305 1302 πανοικὶ
326 1239 359 1302 δὲ
380 1243 422 1316 είς
443 1239 566 1326 Γέραρα
588 1239 664 1323 πρὸς
674 1237 833 1320 Ἀβιμέλεχ
847 1236 964 1323 ἐρχεται
979 1235 1031 1300 τὸν
1044 1236 1175 1318 βασιλέα
1194 1238 1285 1296 Φιλι-

138 1341 292 1423 1οστιείμ.
344 1345 419 1430 φησί
435 1343 467 1406 (λε’
482 1345 533 1406 καὶ
549 1340 641 1418 οὗτὸς
652 1344 719 1426 περὶ
730 1337 891 1422 Ῥεβέκκας
907 1337 948 1416 ὥς
958 1338 1100 1426 Ἀβραάμ
1115 1339 1182 1424 περὶ
1197 1334 1284 1416 Σάρ-

181 1468 255 1530 ρας,
283 1440 329 1508 ὅτι
347 1443 466 1530 ἀδελφή
482 1470 542 1527 μου
559 1445 655 1510 ἐστίν·
681 1437 719 1527 ἦν
741 1442 801 1531 γάρ
822 1440 921 1529 ὡραία
935 1441 1069 1531 σφόδρα.
1121 1443 1154 1506 ἐκ
1177 1440 1209 1508 δὲ
1230 1446 1286 1522 τῆς

180 1548 308 1623 παιδιάς
320 1546 579 1636 γνοάςἈβιμίλεχ
597 1557 724 1632 γυναῖκα
741 1548 837 1612 αὐτοῦ
852 1545 945 1626 εἶναι,
971 1544 1062 1610 αὐτὸν
1085 1545 1141 1626 μὲν
1163 1544 1284 1630 μέμφε·

178 1673 233 1714 τοι
248 1645 291 1727 ὦς
303 1650 436 1733 τάληθές
449 1648 708 1737 ἀποκρυψάμενον
716 1699 725 1728 ,
753 1651 951 1738 ἀποφαίνεται
965 1651 998 1714 δὲ
1012 1646 1111 1712 πάντα
1123 1645 1176 1712 τὸν
1188 1643 1283 1710 ‹inrd-

179 1776 275 1834 μενον
295 1752 400 1818 Ἰσαάκ
424 1757 474 1818 καὶ
490 1751 648 1836 Ῥεβέκκας
668 1755 827 1836 ἐνέχεσθαι
840 1752 978 1839 θανάτῳ.
1032 1750 1129 1828 οὕτως
1141 1747 1283 1834 εὖλάγησε

139 1862 173 1918 15
182 1853 287 1941 κάρτος
298 1855 351 1922 τὸν
359 1855 463 1922 Ἰσαάκ
478 1857 534 1935 ἕως
547 1860 651 1932 τέλους
663 1855 739 1922 ὥστε
752 1859 885 1938 ζηλῶσαι
899 1863 1006 1920 τοῦτον
1018 1855 1089 1932 τοὺς
1102 1856 1282 1933 Φιλιστιείμ,

180 1961 232 2022 καὶ
253 1958 354 2024 πάντα
375 1958 414 2024 τά
435 1961 554 2048 φρέατα
569 1959 589 2023 ἃ
605 1959 719 2048 ὤρυξεν
729 1960 871 2045 Ἀβραάμ
885 1956 1050 2044 ἐμφράξαι.
1099 1957 1177 2037 μετὰ
1194 1963 1283 2020 τοῢτο

181 2062 213 2124 ἐν
243 2067 282 2147 τῇ
310 2059 447 2149 φάραγγι
476 2059 621 2150 Γεράρων
649 2063 866 2145 μεταβεβηκὼς
896 2059 1067 2146 ἀνεκάθηρε
1087 2059 1127 2122 τά
1150 2059 1282 2143 πατρικὰ

181 2165 312 2252 φρέατα.
365 2165 462 2252 ὤρυξε
486 2167 520 2230 δέ
542 2169 592 2230 καί
615 2165 708 2242 αὐτὸς
730 2166 848 2253 φρέατα
861 2168 951 2252 τρία,
973 2154 1016 2229 ὧν
1030 2163 1065 2228 τὸ
1083 2164 1139 2244 μέν
1152 2161 1324 2239 dilaniant}

181 2267 217 2333 τὸ
245 2267 279 2330 δέ
303 2268 440 2354 ἔχθραν,
475 2268 510 2333 sd
536 2270 569 2334 δέ
590 2271 691 2354 τρίτον
717 2269 905 2356 εὐρυχωρίαν
927 2265 1097 2361 ὥνάμασευρ
1145 2267 1285 2330 ἐντεῦθεν

138 2369 278 2454 Ξθάνίβη
295 2373 343 2434 ἐπὶ
359 2372 394 2435 τὸ
412 2371 510 2458 φρέαρ
526 2379 582 2437 τοῦ
595 2370 687 2458 ὅρκου
699 2369 821 2448 Ἰσαάκ,
845 2373 897 2435 καὶ
919 2371 1013 2456 ὤφθη
1032 2369 1115 2456 αὐτῷ
1131 2367 1236 2451 κάριος
1253 2369 1284 2431 ἐν

182 2469 317 2558 δράματι
342 2480 397 2556 τῆς
422 2473 530 2551 νυκτὸς
552 2476 647 2558 λέγων
676 2469 765 2562 “tyni
791 2477 851 2556 εἶμι
872 2471 890 2549 ,ὃ
913 2475 987 2549 θεὸς
1008 2479 1062 2536 τοῦ
1086 2470 1202 2556 πατρός
1228 2496 1285 2535 σου

176 2573 340 2661 Ἀβραάμ,
373 2578 425 2641 καί
446 2575 503 2662 ἐγώ
523 2579 583 2660 εἰμι
604 2573 683 2660 μετά
704 2601 777 2656 σου,
802 2578 854 2642 καὶ
875 2572 1028 2660 εὐλογήσω
1053 2600 1105 2650 σε,
1130 2576 1181 2636 καί
1207 2577 1287 2655 πλη-

180 2684 273 2744 nean
287 2678 322 2744 τὸ
338 2679 459 2766 σπέρμα
474 2705 530 2745 σου
547 2677 588 2757 ὡς
601 2681 640 2748 τὰ
656 2679 756 2769 ἄστρα
770 2686 825 2745 τοῦ
841 2679 991 2767 οὐρανοῦ,
1019 2677 1061 2742 δι’
1076 2674 1217 2763 Ἀβραὰμ
1233 2675 1286 2739 τὸν

180 2873 664 2998 :tttlllntttultltlt
678 2874 1160 3016 titillanti?,tinnit
1178 2870 1288 3009 dimit!

181 3019 267 3080 uum,
292 3013 388 3082 plantis
414 3015 514 3067 consito
538 3031 632 3068 nomen
649 3015 745 3068 domini
764 3015 809 3068 dei
826 3014 929 3068 aeterni
944 3012 1089 3067 invocavit.
1125 3027 1182 3063 cum
1199 3019 1287 3062 eutem

180 3083 320 3136 admodum
338 3100 419 3135 senex
436 3084 521 3137 fuctus
540 3102 622 3137 annos
643 3083 834 3151 invisisset,
858 3084 892 3137 sd
914 3085 990 3136 deum
1014 3100 1047 3135 ex
1070 3082 1120 3132 hac
1141 3079 1197 3132 vita
1221 3096 1286 3132 con-

180 3152 274 3270 cessilt.
309 3168 368 3205 eum
391 3151 496 3206 lsaecus
519 3161 548 3207 st
567 3153 694 3208 Ismeelus
717 3153 767 3208 filii
786 3154 814 3206 in
830 3153 931 3225 duplici
953 3149 1077 3223 spelunca
1101 3150 1177 3202 iuxta
1193 3149 1287 3202 Seram

180 3237 212 3272 se
232 3230 373 3274 siverunt.

211 3237 231 3290 p
250 3289 399 3342 Secundum
415 3289 496 3359 haec,
521 3307 578 3344 cum
595 3291 647 3344 ium
664 3288 768 3344 virilem
785 3296 898 3343 aetutem
914 3289 1022 3344 isaacus
1038 3286 1185 3354 attigisset,
1203 3285 1287 3338 semes

181 3357 219 3410 iis
241 3358 269 3410 in
292 3358 357 3410 locis
384 3360 495 3412 exstitit.
532 3369 612 3429 etque
629 3362 652 3412 is
671 3378 687 3413 a
704 3361 753 3412 den
772 3359 799 3411 in
816 3362 967 3428 Aegyptum
989 3356 1030 3408 ire
1055 3354 1204 3424 prohibitus
1229 3370 1286 3406 cum

181 3433 242 3480 tots
266 3427 367 3480 semilis
389 3430 493 3482 Gerana
518 3429 550 3482 ad
569 3429 763 3484 Abimelechum
780 3429 981 3482 Philistaeorum
1004 3442 1094 3493 regem
1116 3441 1146 3476 se
1166 3422 1287 3475 contulit.

181 3495 331 3550 Rebecnem
347 3507 402 3549 tum
420 3515 526 3551 uxorem
540 3517 628 3567 suam,
649 3499 720 3567 quod
734 3507 793 3552 erat
805 3497 903 3566 insigni
919 3494 1128 3565 pulchritudine,
1144 3490 1287 3546 Abrahami

180 3565 217 3618 de
234 3566 303 3618 Sura
320 3566 509 3620 simulationem
527 3567 660 3634 imitatus,
683 3585 800 3621 sororem
826 3585 886 3621 esse
906 3583 979 3618 suam
999 3563 1076 3616 dixit.
1112 3563 1160 3615 sed
1179 3562 1288 3614 tibime-

179 3632 272 3688 lschns
299 3651 357 3687 cum
383 3653 416 3688 ex
437 3636 496 3690 lusu
521 3635 694 3692 intellexisset
716 3655 773 3690 enm
798 3652 904 3690 uxorem
932 3653 1006 3700 esse,
1032 3633 1123 3685 isaaco
1148 3631 1288 3700 obiurgata

180 3703 254 3773 quod
271 3721 361 3757 verum
378 3704 584 3771 dissimulasset,
604 3705 691 3776 capita
706 3707 794 3760 sanxit
810 3723 844 3758 ne
862 3703 920 3774 quis
937 3703 1056 3756 isaacum
1072 3702 1164 3753 einsve
1180 3715 1288 3752 uxorem

179 3781 313 3842 tangeret.
350 3775 414 3826 deus
435 3785 520 3828 autem
542 3776 660 3828 lenaeum
682 3774 860 3847 prosperitate
882 3783 1012 3844 perpetua
1032 3772 1138 3836 beavit,
1166 3771 1233 3821 aden
1259 3775 1288 3821 ut

179 3840 320 3894 Philistuei
338 3842 489 3897 invidentes
505 3845 559 3914 ipsi
577 3861 665 3896 omnes
683 3846 716 3898 ab
733 3845 881 3897 Abrahnmo
899 3845 1010 3894 effossos
1030 3850 1123 3910 putens
1146 3840 1288 3891 obturave-

180 3909 247 3964 rint.
284 3922 346 3982 post
370 3913 437 3965 haec
458 3913 564 3966 lseacus
587 3913 615 3966 in
638 3913 731 3966 vallem
751 3915 928 3966 Gersrensem
945 3911 1077 3980 digressus
1092 3908 1178 3990 patris
1197 3916 1290 3974 puteos

179 3982 353 4050 repurgauit,
376 3992 456 4049 atque
478 3982 536 4052 ipse
559 3982 637 4036 etiam
661 3994 715 4038 tres
738 3983 805 4036 elios
830 3981 901 4051 egit,
927 3997 1036 4049 qnorum
1060 3995 1143 4047 pruno
1166 3974 1289 4042 iniuriae,

180 4051 298 4102 secundo
314 4050 483 4117 inimicitiae,
505 4053 584 4104 tertio
605 4051 784 4123 amplitudinis
801 4068 895 4104 nomen
913 4049 1019 4103 indidit.
1055 4048 1117 4099 inde
1133 4044 1166 4097 ad
1184 4053 1290 4113 puteum

180 4117 324 4172 iuramenti
348 4119 502 4186 adscendit3
526 4129 657 4191 noctuque
675 4120 700 4174 ei
718 4121 838 4175 dominus
862 4120 1001 4190 apparuit,
1027 4117 1117 4184 itaque
1135 4121 1177 4165 est
1194 4111 1291 4165 allatus

180 4187 305 4252 (Genus.
320 4191 373 4256 26)
396 4183 465 4258 “ego
490 4205 546 4242 sum
568 4191 633 4243 deus
657 4191 800 4244 Abrahami
826 4189 909 4263 patris
927 4189 982 4241 tui:
1000 4185 1049 4240 tibi
1069 4200 1118 4250 ego
1136 4183 1244 4248 adsum,
1263 4189 1291 4234 te

180 4257 284 4327 beubo,
309 4265 433 4328 mamque
452 4258 604 4328 progeniem
622 4259 656 4314 ed
675 4259 809 4314 stellarum
832 4257 899 4315 caeli
916 4273 1050 4312 nnmerum
1071 4252 1207 4320 adaugebo
1224 4268 1290 4323 pro-
