3025 4784
188 215 239 260 ns
593 189 888 261 xlnambll

184 359 321 426 eordarer
334 362 371 427 de
383 361 480 448 priore
494 359 564 429 dni
582 383 629 427 mc
648 361 773 428 neuuilril
794 361 880 426 etiam
897 359 1015 428 dirime
1057 363 1109 428 sed
1120 375 1148 428 et
1167 361 1288 428 alienum

183 462 289 547 aliquid
302 464 429 548 personis
451 465 552 530 semrie
566 477 611 528 aut
626 473 776 550 praesente
789 463 925 539 instituto,
946 462 1041 548 qualia
1055 463 1092 528 ad
1107 466 1226 529 animum
1240 487 1287 528 ae·
1356 549 1360 557 Ι

184 564 314 628 cidebeut
326 566 409 630 multa
423 579 505 653 atque
520 570 616 643 uaria,
639 563 667 630 iu
683 565 804 630 medium
819 563 927 629 all'erre
940 565 1160 652 intempestivum
1172 567 1288 632 videba-

184 679 230 732 tur
250 679 332 752 atque
346 667 483 734 insolens:
524 664 703 754 nequeenim
728 664 838 730 laudari
862 665 1016 731 sentiebam
1033 688 1096 732 eom
1114 670 1161 754 qni
1180 669 1289 753 delpbi-

187 789 251 832 uum
271 768 349 832 siluis
365 771 507 856 appinxit,
529 769 655 834 llnctibus
675 791 782 854 aprum.
825 770 918 853 itaque
940 768 970 832 iu
984 773 1144 853 praesentia
1158 773 1224 834 satis
1238 770 1289 833 ba·

186 869 235 934 bui
255 891 343 956 pauca
359 870 396 934 de
417 873 480 958 ipso
501 871 557 936 boe
578 871 712 936 historico
726 891 817 955 opere
830 880 859 932 et
871 891 935 932 mea
947 891 1029 955 quam
1049 871 1131 938 vobis
1148 894 1183 936 ae
1196 872 1288 956 reipu

187 970 280 1036 blicae
293 973 323 1036 iu
347 993 384 1038 eo
397 971 570 1038 oondoiendo
582 973 684 1037 navari
702 991 793 1057 opere
806 971 919 1045 dicere;
944 972 1038 1056 itaque
1059 973 1167 1036 lectore
1179 994 1234 1037 non
1248 973 1290 1035 in·

187 1073 306 1148 utiliter,
332 1087 360 1138 ut
374 1073 485 1160 quidem
499 1095 556 1160 ego
569 1085 650 1159 puto,
676 1071 713 1138 de
726 1071 887 1157 quibusdam
899 1077 1090 1161 praemonito,
1110 1074 1291 1139 dedicationis

187 1171 528 1261 ummemffia.·
675 1232 679 1241 ,

160 1345 165 1354 ,
272 1276 330 1339 lam
347 1274 480 1359 primum,
502 1276 563 1362 quis
583 1276 668 1342 luerit
685 1275 847 1354 Cede-enus,
871 1290 951 1342 certo
973 1277 1190 1364 deprehendere
1215 1274 1292 1340 nullo

192 1377 294 1442 indicio
311 1377 398 1463 potui,
419 1399 480 1442 com
494 1375 532 1440 de
544 1397 577 1442 se
590 1379 652 1462 ipso
667 1375 754 1454 nihil,
779 1377 835 1442 lroe
848 1381 960 1464 quidem
973 1380 1114 1463 inopere,
1137 1379 1293 1444 memoriae

191 1479 362 1564 prodiderit,
384 1499 476 1567 nequae
489 1477 667 1555 analium,
688 1479 765 1568 qnod
778 1500 837 1568 ego
852 1483 955 1557 emaum
974 1481 1101 1548 laudatus
1114 1493 1160 1555 aet
1169 1481 1292 1546 mma-

192 1593 235 1644 tus
258 1579 448 1665 scriptoribus.
492 1601 529 1644 eo
552 1594 644 1644 tamen
669 1581 783 1644 inclinat
814 1583 920 1646 animus
945 1593 974 1646 nt
1008 1583 1184 1647 sacerdotem
1208 1579 1295 1645 luisse

191 1682 316 1766 suspicer
329 1694 376 1746 aut
388 1683 471 1746 etiem
484 1681 647 1744 monachum
658 1708 665 1754 t
685 1683 798 1746 tametsi
812 1685 922 1748 uidetur
933 1684 989 1748 boe
1001 1705 1057 1748 non
1070 1684 1156 1748 luisse
1170 1683 1294 1746 dissimu-

192 1782 304 1848 leturus.
346 1806 430 1850 meae
448 1784 628 1854 oeuiemmee
644 1805 739 1862 misam
756 1786 982 1870 praebentem,
996 1807 1089 1871 genus
1109 1783 1219 1853 desedi
1241 1805 1296 1868 quo

192 1899 235 1948 est
249 1909 327 1961 usus,
350 1897 405 1950 tumr
425 1907 493 1975 quas
515 1884 557 1974 de
571 1884 711 1971 religione
734 1896 763 1949 et
776 1889 962 1952 caeremoniis
976 1887 1063 1950 babet
1086 1885 1293 1971 disputationes.

190 1988 227 2050 de
242 1987 339 2072 quibus
351 2008 407 2050 non
422 1987 544 2072 impedio
559 1989 623 2072 quin
637 1988 753 2072 quisque
775 1976 825 2050 siro
839 2000 922 2070 captu
944 2001 973 2052 et
985 2009 1068 2051 sensu
1080 1989 1202 2051 iudicet:
1230 1987 1296 2071 qnid

191 2109 249 2176 ego
262 2089 390 2166 iudicem,
411 2090 480 2154 selis
502 2089 591 2154 eredo
608 2109 680 2152 esse
706 2087 790 2152 bunis
813 2099 924 2160 uotum
944 2107 1038 2171 neque
1059 2100 1104 2152 est
1123 2110 1176 2154 ear
1194 2100 1296 2154 mntem

189 2193 353 2256 sententiam
370 2193 424 2256 ulla
440 2192 541 2255 idonea
557 2211 651 2256 causa.
694 2189 805 2273 quondo
826 2189 946 2264 merit,
967 2188 1056 2253 nihilo
1077 2193 1169 2276 magis
1190 2201 1297 2253 constat

191 2315 272 2376 quam
297 2313 351 2378 qen
372 2293 529 2360 Milone
542 2291 665 2364 vixeritz
689 2290 742 2356 nisi
766 2289 843 2375 qnod
856 2288 1006 2374 probabile
1029 2305 1074 2356 en
1091 2293 1298 2377 rernnpuaro

190 2394 279 2479 luecio
294 2394 436 2458 Gomneno
453 2395 514 2478 (qui
531 2393 592 2457 iniit
606 2393 751 2476 imperium
772 2394 875 2457 eodem
888 2394 952 2459 lere
966 2417 1021 2477 qno
1033 2393 1179 2458 Heinricus
1195 2393 1234 2458 lV
1249 2416 1297 2455 an·

192 2517 246 2570 no,
272 2497 318 2581 qui
342 2495 393 2559 luit
419 2505 522 2558 anate
544 2491 657 2557 christu
682 2497 724 2558 59
749 2517 836 2580 supra
857 2493 1046 2575 millesimum)
1068 2515 1130 2556 eum
1151 2495 1298 2577 scripsisse

191 2619 257 2660 suros
271 2597 408 2662 Annales:
440 2593 472 2658 hi
497 2595 572 2658 enim
599 2594 628 2657 in
648 2583 728 2658 istum
754 2597 888 2660 desinunt.
932 2596 957 2659 is
977 2595 1023 2676 qui
1039 2595 1165 2658 codicem
1178 2607 1299 2658 vestrum

192 2699 304 2784 scripsit
319 2698 464 2770 librarius,
485 2695 566 2761 lsecli
576 2693 682 2780 Angeli
696 2695 843 2782 aliquoties
856 2696 1023 2761 mentionem
1036 2695 1105 2764 lecit
1115 2698 1146 2764 in
1158 2698 1299 2784 margine.

195 2801 246 2868 luit
272 2799 318 2864 hio
343 2797 445 2864 leucius
470 2795 613 2862 Frideriei
626 2795 811 2862 Ahenobarbi
833 2797 1012 2882 imperatoris
1033 2797 1169 2866 Germani
1197 2821 1299 2885 aequm

197 2903 245 2976 lis,
274 2914 303 2966 et
332 2899 441 2986 occepit
455 2897 629 2982 Gpolitenurn
656 2919 774 2984 reguum
803 2900 880 2966 circe
907 2921 1008 2962 aueum
1037 2904 1138 2977 118⁵,
1174 2915 1203 2967 ut
1234 2924 1298 2966 oen·

148 3059 150 3066 ,
197 3015 252 3070 tum
265 3003 327 3066 lere
347 3003 425 3067 annis
441 2999 532 3064 codex
546 3001 599 3064 iste
613 3012 726 3064 auctore
741 2989 792 3064 suo
808 3001 951 3066 recentior
965 3001 1050 3066 luisse
1064 3003 1200 3070 videatur.
1243 3027 1300 3070 uon

197 3103 380 3170 dissimularit
393 3101 522 3168 librarius
543 3101 691 3186 aliquoties
704 3123 736 3164 se
750 3103 780 3166 in
795 3104 960 3188 exemplari,
980 3104 1053 3187 qnod
1070 3094 1226 3188 descripsit,
1248 3104 1298 3166 ali·

197 3219 263 3296 quot
290 3208 454 3294 paginarum
478 3200 615 3266 delectum
640 3204 770 3268 sensisse.
819 3205 871 3268 sed
896 3218 983 3270 utrum
1008 3204 1117 3288 reliqua
1140 3207 1233 3268 omnia
1260 3204 1300 3268 ite

197 3309 298 3376 luerint
311 3309 348 3374 ab
361 3319 475 3372 auctore
487 3305 640 3390 composita
653 3305 790 3390 quomodo
804 3306 840 3370 ad
853 3328 905 3372 nos
915 3306 1026 3372 mribus
1042 3306 1119 3370 istius
1132 3328 1223 3391 opera
1236 3325 1299 3392 per·

197 3423 349 3487 uenerunt,
381 3407 502 3474 dubitari
525 3405 599 3472 haud
623 3407 723 3472 iniuria
746 3420 854 3492 potest:
880 3431 936 3474 non
962 3409 1035 3472 enim
1059 3404 1192 3470 mendosa
1216 3406 1302 3470 modo

198 3513 351 3600 quaedem,
372 3511 422 3576 sed
438 3509 526 3598 plura
551 3511 635 3574 etiam
658 3507 703 3574 his
725 3511 847 3574 mutilata
871 3509 918 3574 vel
941 3509 1066 3594 comperi
1082 3507 1130 3571 vel
1150 3507 1301 3593 suspicatus

197 3639 274 3692 sum,
297 3613 371 3702 quod
386 3599 533 3698 aliquoties
552 3613 581 3678 in
602 3611 822 3677 annotationibus
843 3611 960 3675 ostendi.
1004 3630 1091 3695 porro
1112 3619 1203 3673 aulem
1217 3609 1302 3676 lacile

198 3717 368 3784 crediderim
388 3715 509 3780 lectores
532 3715 560 3778 in
585 3713 666 3778 bonis
680 3713 860 3800 scriptoribus
874 3722 1000 3777 versatos
1020 3723 1049 3775 et
1062 3709 1163 3774 iudicio
1177 3711 1300 3800 aliquan·

200 3834 256 3886 tum
276 3841 358 3905 quem
378 3819 477 3904 uulgus
497 3815 600 3882 acriori
614 3815 773 3899 praeditos,
796 3817 844 3880 ubi
858 3814 1007 3878 lectionem
1022 3812 1101 3876 huius
1115 3813 1212 3898 operis
1226 3813 1299 3878 insti·

201 3925 317 4000 luerint‚
341 3921 486 3988 molestiae
506 3915 645 4006 principio
667 3915 770 3999 aliquid
792 3916 943 3983 autetiam
966 3935 1088 3980 nauseae
1104 3926 1299 3980 contraeums.

203 4024 342 4112 pollicitus
356 4026 429 4092 enim
442 4035 539 4089 auctor
563 4023 599 4088 eb
613 4023 692 4088 initio
707 4019 799 4084 mundi
814 4041 899 4104 usque
920 4016 957 4082 ad
971 4037 1019 4081 sua
1032 4028 1158 4104 ternpore
1171 4016 1303 4082 historiae

206 4150 239 4194 se
263 4127 427 4214 compendio
451 4127 643 4201 recitamrum,
672 4123 720 4188 nbi
743 4122 782 4186 ed
803 4143 862 4188 rem
886 4134 995 4190 seusun
1016 4132 1068 4198 set,
1089 4139 1179 4202 neque
1198 4115 1303 4204 optimo
