3025 4784
414 321 713 432 HlSTORJlRUM
737 321 1030 393 GOlllPENDlUll.
1199 325 1275 399 411

173 521 260 580 ματα
272 489 453 584 παράδοξος
468 485 558 574 ’τίνος
572 487 626 561 οῦν
642 495 739 563 ἕνεκεν
750 492 846 562 πάλαι
859 497 914 580 μὲν
928 497 1106 580 ἀσεβοῦντες
1117 503 1167 564 καὶ
1180 503 1276 588 μυρία

175 598 429 685 διαπραττόμενοι
451 601 534 666 δεινά
559 597 709 683 τοσαύτης
730 598 848 677 εῦνοίας
872 600 1066 682 ἀπηλαόσατε
1090 603 1175 688 παρὰ
1197 611 1276 670 θεοῦ

176 705 228 768 καὶ
248 707 435 790 προστασίας
455 705 505 770 καὶ
523 705 733 790 προμηθείας,
766 709 821 768 νῦν
843 703 877 768 δέ
899 702 966 768 οῦτε
988 707 1275 794 είδωλολατροῦντες

176 804 247 871 οῦτε
265 809 533 883 παιδοκτονοῦντες
547 809 579 870 ἓν
594 809 787 898 αἰχμαλωσίᾳ
800 809 850 871 καὶ
865 810 1055 900 ταλαιπωρίᾳ
1070 806 1185 894 διάγετε
1193 839 1204 893 ,·
1229 811 1274 896 μὴ

149 909 237 994 ὁγὰρ
260 909 360 994 ἕτερος
380 903 417 994 ἦν
436 911 511 988 θεὸς
528 908 595 975 τότε
615 913 666 974 καὶ
689 910 789 996 ἕτερος
808 915 880 993 νῦν,·
907 911 962 977 οῦκ
988 909 1079 989 αάτός
1100 915 1163 978 ἔστι
1182 917 1233 978 καὶ
1256 911 1273 980 ὅ

174 1014 274 1077 ίκεῖνα
292 1016 460 1097 οἰκονομῶν
480 1016 531 1078 καλ
549 1019 650 1079 ταῦτα
668 1020 722 1078 νῦν
741 1011 957 1098 ίργαζόμενοςς
983 1015 1036 1079 διδ
1053 1017 1098 1094 τί,
1118 1013 1167 1083 ὅτε
1182 1020 1274 1100 μείζω

174 1116 232 1197 μὲν
249 1106 289 1198 ἦν
304 1117 345 1180 τὰ
360 1113 585 1202 ἁμαρτήματα,
609 1116 708 1200 πολλὴ
722 1114 798 1194 δόξα
813 1113 886 1200 ῦμΐν
899 1109 938 1202 ἦν
951 1117 1034 1205 παρὰ
1051 1123 1144 1200 θεοῦ,
1171 1119 1219 1185 ὅτε
1240 1121 1275 1186 δέ

175 1215 322 1284 ἐλάττονα
335 1225 533 1304 πλημμελεῖτε
551 1225 621 1298 νῦν,
646 1226 758 1285 παντελ

60 1409 65 1417 ,
174 1323 350 1409 παρέδωκεν
371 1321 548 1412 ἀπεράντως
573 1321 653 1388 ἀλλὰ
665 1319 822 1406 κάνῦμεΐς
837 1320 993 1410 σιγῆσητε,
1019 1327 1049 1390 oi
1064 1329 1149 1391 λίθοι
1163 1327 1274 1414 κεκρά-

133 1429 289 1502 λθξονται.
339 1425 440 1510 insedi]
462 1425 522 1512 γὰρ
546 1426 625 1492 κατὰ
647 1432 702 1491 τοῦ
725 1423 873 1493 δεσπότου
898 1427 955 1504 τὰς
977 1439 1082 1516 χεῖρας
1104 1432 1274 1511 ἐξετείνατε,

176 1528 229 1593 διὰ
250 1534 341 1595 τοῦτο
362 1530 418 1596 οῦκ
436 1527 521 1596 ἕσται
540 1527 613 1612 ῦμῖν
634 1528 804 1616 διόρθωσις
820 1531 891 1596 οὐδὲ
906 1529 1068 1617 συγγνώμη
1084 1533 1189 1598 λοιπὸν
1204 1535 1275 1601 οῦδὲ

174 1633 334 1716 ἀπολογία
385 1631 452 1698 τότε
474 1634 531 1715 μὲν
550 1631 609 1718 γάρ
631 1635 674 1710 είς
696 1629 827 1710 δοῦλοος
839 1625 877 1717 ἦν
891 1634 931 1700 τὰ
945 1633 1124 1719 τολμώμενα
1134 1685 1143 1714 ,
1167 1643 1221 1702 νῦν
1240 1639 1274 1702 δὲ

174 1732 274 1800 πάντα
289 1737 386 1800 ε’κεῖνα
398 1735 438 1802 τά
451 1736 569 1800 παλαιοὶ
584 1744 694 1826 eapite
706 1733 900 1824 ἀπεκρόψατε
918 1737 970 1802 διδ
984 1745 1039 1822 τῆς
1051 1743 1093 1816 είς
1106 1740 1158 1804 τόν
1173 1739 1274 1806 κοινόν

174 1834 325 1920 δεσπότην
346 1839 485 1925 Χριστόν
505 1841 627 1921 μανίας.
677 1837 753 1905 ὅθεν
776 1843 826 1904 καί
848 1838 991 1924 μειζόνως
1008 1841 1194 1922 κολάζεσθε,
1221 1846 1273 1908 καὶ

132 1941 244 2007 15οῦδ’
271 1939 368 2019 οῦτως
387 1941 538 2026 ἀπέχεσθε
559 1949 615 2025 τῆς
632 1949 781 2027 πατρικῆς
799 1945 1019 2030 δμβροντησίας
1033 1971 1065 2010 τε
1082 1949 1132 2010 καί
1147 1944 1271 2030 λόσσης,

173 2041 289 2108 πλάνον
310 2044 404 2110 αῦτδν
425 2047 475 2109 καλ
496 2043 676 2133 παράνομον
692 2046 925 2125 ἀποκαλοῦντες.
977 2050 1003 2113 εί
1017 2055 1090 2133 γοῦν
1105 2045 1219 2125 πλάνος
1234 2041 1272 2132 ἦν

173 2143 191 2210 ὁ
207 2144 362 2234 Χριστός,
387 2144 429 2226 ὡς
444 2150 541 2236 φατέ,
564 2151 616 2212 καὶ
632 2145 826 2235 παράνομος,
853 2151 944 2236 δχρῆν
956 2156 1075 2233 μᾶλλον
1087 2147 1169 2232 ῦμᾶς
1180 2153 1269 2234 grido-
1285 2163 1311 2217 Ι)

173 2257 300 2333 κιμῆσαι
308 2299 320 2330 ,
346 2252 393 2316 δτι
414 2251 507 2318 αῦτδν
526 2251 725 2316 ἀπεκτείνατε.
776 2256 803 2317 εί
819 2253 879 2339 γὰρ
898 2254 1003 2330 Φινεὲς
1019 2255 1072 2318 ἵνα
1087 2254 1154 2318 τινὰ
1171 2279 1273 2341 παρα-

172 2361 325 2436 νομοῦντα
341 2353 454 2419 ἀνελὼν
469 2351 635 2440 ὁλόκληρον
648 2355 705 2438 την
718 2357 799 2419 κατδ
817 2361 873 2422 τοῦ
886 2355 997 2434 όθνοος
1012 2355 1107 2443 ἀργὴν
1119 2359 1272 2424 κατίπαο·

129 2467 227 2523 idum
249 2456 343 2542 (ἵστη
364 2457 425 2545 γάρ
451 2459 556 2534 Φινεὲς
579 2459 630 2523 καί
652 2456 831 2539 ἔξιλάσατο,
856 2461 906 2523 καλ
929 2457 1075 2526 ἐκόπασεν
1091 2457 1111 2544 ἢ
1127 2467 1272 2548 θραῦσις,

174 2561 224 2624 καλ
242 2563 387 2645 ἐλογίσθη
409 2561 493 2648 αὐτῷ
516 2565 559 2638 είς
581 2557 815 2645 δικαιοσόνην),
841 2567 946 2652 πολλῷ
968 2559 1086 2645 μᾶλλον
1108 2565 1160 2650 ἐφ’
1186 2560 1274 2647 ῦμιῦν

173 2661 234 2728 ἴδει
247 2670 339 2730 τοῦτο
351 2663 510 2752 γενίσθαι,
532 2663 564 2730 εἴ
571 2689 604 2749 γε
617 2659 795 2752 παράνομος
808 2657 847 2750 ἦν
862 2662 878 2731 ὅ
892 2664 950 2754 ὕφ’
966 2663 1054 2750 ἀμῶν
1071 2668 1274 2755 στατρωθείς.

173 2957 245 3027 rios,
270 2963 324 3013 tum
341 2957 467 3014 miracula
484 2963 513 3014 et
528 2957 651 3030 prodigia
664 2955 792 3012 inusitata
809 2957 914 3012 ediditi
948 2975 996 3012 eur
1012 2958 1073 3014 olim
1091 2964 1165 3014 tanta
1178 2960 1213 3014 im
1232 2960 1273 3018 ie-

173 3035 230 3081 tsta
247 3029 370 3082 obstricti
387 3039 415 3084 et
428 3037 470 3082 tot
484 3028 594 3096 flagitiis
611 3045 642 3080 ac
658 3024 803 3080 sceleribus
827 3025 946 3098 cooperti
964 3028 1041 3082 deum
1062 3030 1100 3082 ita
1116 2979 1272 3085 benevoium

174 3097 317 3220 titii:
333 3096 704 3220 tttt‘ttt‘tnlilfin
722 3105 899 3220 tntilli
911 3099 1273 3238 tltttt‘titt'tllttt

175 3236 228 3288 nisi
244 3235 366 3289 fortassis
383 3235 451 3288 elius
467 3253 538 3288 nuno
552 3239 594 3288 eat
609 3251 686 3304 quam
701 3233 830 3303 quondam
845 3235 925 3304 deus,
949 3253 1035 3306 neque
1050 3236 1120 3289 idem
1138 3239 1225 3290 atille
1243 3246 1272 3292 at

173 3304 241 3357 haee
264 3304 328 3372 egit.
364 3304 463 3374 alioqui
486 3321 534 3357 our
556 3321 606 3359 ros
627 3309 703 3356 tanto
727 3303 755 3356 ln
780 3304 867 3372 pretio
889 3305 1040 3374 habuisset,
1065 3321 1123 3358 eum
1147 3305 1273 3373 graviora

172 3372 371 3428 summittentis
388 3381 511 3444 peecata,
536 3389 607 3427 nuno
619 3389 684 3426 vero
702 3387 759 3425 oum
776 3374 861 3428 minas
876 3372 1045 3444 delinquitis,
1067 3373 1171 3426 omnino
1194 3391 1272 3428 aver-

173 3451 247 3496 satus
269 3443 390 3497 infinitae
410 3443 570 3512 ignominiae
592 3444 756 3512 exponeret?
800 3451 829 3497 at
860 3446 929 3496 enim
955 3444 1032 3496 vobis
1058 3441 1207 3496 tacentibus
1230 3445 1274 3498 rel

174 3511 277 3583 lapides
299 3513 527 3566 vociferabuntur.
561 3531 594 3566 er
620 3527 672 3582 quo
698 3511 766 3564 enim
790 3529 881 3566 manus
904 3512 1007 3564 domino
1024 3511 1166 3578 intulistis,
1193 3531 1273 3584 porro

172 3597 261 3650 nequ
281 3583 410 3635 correctio
429 3583 505 3635 vobis
521 3581 624 3650 reliqna
648 3586 690 3634 est
708 3596 795 3650 neque
815 3582 895 3634 venia
923 3598 1009 3650 neque
1028 3580 1177 3634 defensioni
1202 3583 1275 3637 loeus

173 3659 225 3704 eat
260 3668 320 3704 nam
346 3651 448 3721 priores
469 3659 576 3704 restrae
596 3650 710 3703 iniuriae
733 3649 762 3702 in
786 3667 878 3704 servos
896 3658 972 3704 erant
990 3651 1128 3721 proiectae
1150 3653 1276 3707 euobisr

173 3719 284 3772 Christo
305 3730 392 3774 autam
414 3737 464 3789 par
480 3721 608 3773 insaniam
627 3718 745 3773 nemndo
762 3720 854 3791 priora
868 3727 959 3773 vestra
977 3720 1078 3774 seelera
1095 3720 1158 3772 novi
1176 3722 1278 3790 magni-

171 3789 265 3842 tudine
289 3788 464 3843 obliteraatis.
499 3807 532 3843 ea
548 3791 582 3843 de
599 3806 680 3842 esnse
695 3805 766 3842 nunc
783 3788 948 3857 gravioribus
973 3789 1109 3859 suppliciis
1129 3790 1276 3847 afficimini.
1350 3821 1358 3837 ι

174 3866 202 3911 et
221 3865 308 3911 temen
325 3877 361 3911 ne
377 3860 417 3912 sio
433 3856 538 3927 quidem
562 3859 688 3912 maiorum
715 3868 863 3912 vestrorum
885 3847 1047 3912 vaecordiam
1071 3867 1151 3928 atque
1175 3860 1276 3914 rabiem

152 3927 320 3996 sdeponitis,
347 3929 395 3982 sed
420 3927 560 3982 etiamnum
582 3929 716 3982 Christum
738 3927 907 3998 impostorem
931 3935 1011 3997 utque
1036 3927 1103 3997 legis
1120 3927 1276 3982 violatorem

171 3997 323 4066 appellatis.
358 3997 405 4066 qui
422 3997 447 4048 ai
461 3996 522 4051 talis
539 3997 634 4068 fuisset
650 3996 752 4066 qualem
767 4013 814 4050 vos
829 3997 934 4065 dicitis,
950 4005 1061 4067 propter
1075 4013 1163 4051 necem
1180 3999 1204 4048 ei
1218 3997 1276 4051 illa-
1392 4027 1394 4032 ·

172 4075 227 4120 um
243 4083 294 4118 voa
310 4066 406 4118 maiori
422 4066 500 4120 etism
516 4082 593 4135 quum
608 4074 670 4119 nnte
686 4067 714 4119 in
733 4067 928 4120 existimatione
953 4085 1012 4120 ease
1034 4066 1218 4120 conveniebat.
1254 4067 1278 4120 si

171 4133 242 4188 enim
257 4135 373 4189 Phineas
391 4152 442 4188 uno
458 4134 525 4205 legis
540 4135 669 4189 violatore
683 4135 815 4190 trucidato
833 4136 898 4190 iram
915 4135 971 4202 dei,
998 4151 1067 4206 quaa
1086 4144 1178 4188 contra
1194 4143 1277 4190 totum

172 4214 311 4260 exarserat
327 4204 465 4274 populum,
494 4204 609 4272 placavit
638 4205 745 4270 (stabat
761 4205 845 4274 enim,
869 4207 908 4258 ait
922 4206 1069 4276 scriptura,
1095 4204 1226 4272 Phineos,
1250 4214 1278 4260 et

171 4273 295 4343 weabat
311 4275 404 4341 deum,
430 4291 463 4327 ao
481 4273 564 4326 desiit
579 4273 695 4341 desidio,
721 4291 805 4342 eaque
821 4292 865 4328 rea
882 4274 921 4327 illi
938 4273 1057 4328 iustitiae
1076 4271 1133 4326 loeo
1150 4273 1277 4346 imputata

174 4345 252 4414 est),
268 4351 369 4415 quanto
384 4343 469 4413 magis
482 4342 620 4397 nobiseum
634 4341 675 4398 ita
690 4342 736 4414 agi
748 4343 855 4414 debuit,
873 4343 897 4399 si
913 4344 1019 4416 quidem
1035 4342 1060 4397 is
1077 4357 1154 4414 quem
1171 4345 1199 4398 in
1215 4361 1275 4399 oru-
