3025 4784
447 308 451 316 ,
586 236 925 306 reserante.
1239 265 1315 312 xm

194 411 253 478 nde
280 433 315 477 ao
338 410 454 476 labore·
475 429 533 475 non
570 407 677 498 exiguo
711 406 884 496 lesoriptne,
921 409 1092 500 minusque
1126 433 1188 478 eunt
1214 423 1310 510 ysam
1356 475 1362 484 .

193 515 337 603 exemplo.
381 535 421 580 ex
444 531 482 578 eo
507 512 610 598 poterit
633 512 792 577 rumano
815 533 911 577 eorum
937 512 1009 577 uui
1036 513 1194 601 inquibus
1219 527 1264 579 est
1290 538 1312 580 a

192 639 242 683 me
266 627 421 704 peooattun.
473 624 502 679 nt
527 613 600 678 asin
624 636 756 701 nusquam
780 635 827 678 nae
852 612 1049 682 hallucinatum
1072 615 1225 704 profitear,
1253 638 1312 694 rnen

194 719 280 784 laeile
304 719 375 784 nubi
399 716 545 804 quisquam
575 717 756 802 persuaserit.
800 716 912 782 ooubdo
935 730 1031 784 tanuen
1060 737 1167 805 aequos
1191 717 1311 802 periton

194 843 249 907 que
272 843 367 886 rerum
390 833 420 886 et
444 839 636 884 semmurum
662 840 736 906 quae
766 817 796 883 in
820 817 979 887 huiusmodi
1000 819 1136 908 operibns
1164 829 1228 884 sunt
1257 839 1308 885 en·

192 920 351 986 anelaudne
375 917 499 986 lautores
521 942 577 984 nou
605 918 645 984 ita
668 920 1000 1000 pulsanensium,
1026 934 1056 988 ut
1080 941 1138 986 uon
1162 921 1217 985 sint
1237 921 1310 987 anibi

192 1043 261 1136 pro·
272 1021 415 1088 laboribus
438 1021 518 1087 bisee
545 1021 666 1111 gratiam
689 1021 821 1088 babituri.
862 1023 953 1092 Vobis
973 1037 1082 1101 autern,
1111 1022 1175 1091 Viri
1195 1023 1306 1110 amplis·

194 1123 393 1200 onerabis
422 1135 567 1211 aooaptun
600 1123 679 1190 torre
707 1123 829 1202 debent,
868 1147 950 1212 pan
980 1125 1038 1190 boo
1064 1144 1157 1212 opere
1182 1123 1310 1212 legende

195 1225 339 1290 utilitatem
363 1225 633 1342 delectationemque
666 1225 805 1314 oapieut·
839 1225 946 1304 uobis,
975 1225 1111 1314 inquens,
1139 1247 1198 1292 non
1226 1224 1307 1291 mibi.

195 1327 305 1394 tametsi
336 1326 412 1392 euim
439 1329 530 1393 nulio
556 1325 600 1393 rei
625 1327 755 1443 publicae
784 1327 929 1394 literariae
955 1329 1095 1394 iuvandae
1123 1340 1208 1416 atque
1226 1325 1304 1392 loon·

195 1429 346 1516 pletaulae
373 1442 473 1494 tenear
497 1429 546 1496 vel
574 1431 713 1509 ιιιιιιὶιιιο,
742 1431 900 1519 pauobqne
920 1432 1017 1516 (qnod
1045 1430 1131 1496 velim
1150 1450 1237 1495 uerno
1263 1429 1304 1495 cli·

191 1546 265 1597 otnua
285 1533 463 1620 arrogantius
495 1534 593 1617 putet)
623 1531 764 1598 uoluntate
784 1533 860 1598 bene
880 1533 1009 1598 aaran
1035 1533 1073 1598 de
1102 1530 1194 1620 patria
1220 1531 1303 1608 aedo,

193 1632 527 1710 suspensionem,
556 1645 649 1699 umen
673 1655 710 1700 ea
730 1647 775 1700 eet
794 1656 888 1699 rotun
901 1655 1026 1700 unaarum
1046 1634 1180 1713 tennitas,
1204 1633 1303 1700 utniei

191 1733 257 1798 aliis
275 1733 367 1800 locata
397 1756 462 1800 mea
487 1757 592 1822 opera,
625 1736 672 1826 qui
698 1736 867 1802 fortunarum
884 1757 1009 1801 mesum
1026 1735 1149 1801 babeant
1165 1758 1202 1800 ao
1220 1735 1300 1802 labo·

191 1859 252 1901 rum
282 1848 312 1902 ot
336 1858 405 1901 auae
431 1836 607 1902 liberalitatis
634 1836 787 1914 rationem,
824 1837 966 1902 suibendi
991 1836 1150 1904 tenultatem
1178 1836 1303 1904 babeam

191 1937 304 2003 nutam.
347 1951 377 2005 et
396 1937 520 2024 pausus
547 1937 631 2004 multo
653 1950 698 2004 est
718 1962 800 2025 quarn
825 1937 948 2022 imperiti
970 1939 1091 2003 eradere
1113 1940 1222 2026 possim
1251 1960 1301 2004 ae·

192 2039 362 2117 ιιιιιιιοιίιιι,
396 2040 466 2116 ista,
496 2039 589 2126 qualia
618 2062 670 2104 nos
696 2039 760 2106 lere
790 2038 927 2103 edidimus
958 2039 1065 2118 adbuo,
1104 2042 1302 2116 eomeribore;

190 2153 222 2208 ut
246 2165 303 2208 nou
330 2141 445 2208 domiuo
472 2152 575 2204 tantun
605 2140 683 2206 laudi
707 2141 879 2217 maximam,
913 2140 967 2205 sed
988 2153 1018 2207 et
1045 2140 1147 2207 oolono
1177 2142 1301 2230 aliquam

192 2243 318 2330 gratiam
335 2244 442 2309 debere
459 2240 551 2306 uideri
569 2243 675 2329 possint
701 2242 748 2330 qui
769 2241 896 2330 frugibus
918 2253 1080 2319 ιιιιιιιιιιη
1110 2264 1168 2332 ego
1190 2242 1302 2308 interius

193 2343 271 2430 quod
291 2343 328 2408 ab
348 2343 411 2410 aliis
436 2343 551 2430 exigam
577 2365 634 2408 non
654 2343 764 2421 babeo,
794 2344 840 2409 oui
859 2341 970 2408 dubium
996 2338 1052 2409 lou
1068 2345 1106 2411 sit
1127 2345 1194 2430 quin
1218 2366 1301 2409 meos

192 2443 224 2508 iu
252 2443 309 2510 boo
332 2465 421 2533 opere
450 2444 566 2511 labores
592 2465 646 2532 pro
674 2457 769 2511 vestra
797 2445 967 2510 liberalitato
993 2457 1076 2532 atque
1109 2445 1300 2513 munitioentia

190 2547 232 2612 ita
252 2547 313 2613 sitis
333 2545 548 2634 compensaturi,
575 2558 606 2612 ut
626 2546 729 2633 insigni
750 2545 833 2612 vobis
859 2545 1005 2612 obstrietus
1030 2546 1169 2614 benolioio
1196 2569 1300 2635 perpe·

189 2662 253 2714 tuas
271 2651 324 2716 eim
344 2649 485 2716 debiturus
503 2660 588 2736 atque
612 2647 755 2714 habiturus
776 2647 892 2736 gratim
935 2660 1018 2734 atque
1038 2669 1097 2734 ego
1117 2670 1187 2713 eane
1206 2670 1299 2735 neque

1445 663 1465 705 X

189 2749 258 2816 volo
277 2771 368 2838 neque
389 2750 483 2817 debeo
504 2751 588 2816 obem
610 2747 731 2828 diffiteri,
753 2749 827 2816 beno
846 2749 914 2814 mibi
933 2747 1104 2837 potissimam
1117 2749 1202 2815 fuine
1215 2771 1299 2816 neae
1430 2801 1439 2817 ,

190 2852 274 2918 vobis
303 2873 411 2938 operae
441 2849 607 2917 offerendae
638 2865 721 2938 atque
750 2852 896 2918 navandae
929 2874 1057 2930 eausam,
1094 2865 1124 2918 ut
1147 2865 1298 2918 eonseouto

191 2954 267 3042 quod
286 2953 378 3030 uolui,
409 2973 493 3018 nemo
517 2951 588 3016 alius
611 2975 695 3040 porro
720 2954 756 3020 sit
780 2955 971 3040 appellandos.
1013 2966 1043 3020 at
1057 2967 1171 3020 vestrae
1186 2955 1295 3042 magui·

190 3055 322 3122 licentiae
347 3057 426 3142 qais,
456 3053 512 3119 nisi
536 3055 620 3120 animi
647 3079 760 3141 prorsus
783 3056 915 3135 obnoxii,
944 3057 1094 3145 negaverit
1116 3057 1263 3144 plurimum
1276 3076 1297 3119 a

189 3181 225 3224 re
249 3158 360 3246 publiea
384 3155 516 3224 literaria·
544 3169 573 3222 et
600 3158 726 3224 omnibns
749 3157 779 3224 in
803 3180 839 3224 ea
861 3158 985 3246 ingenue
1012 3159 1185 3224 venante
1209 3157 1294 3223 debe

189 3261 239 3326 rii
267 3283 333 3325 usur
354 3260 551 3347 nequidem,
581 3280 618 3324 ne
641 3261 708 3346 quil
732 3259 916 3338 ἀίειίιιιιίοιιι,
945 3274 1113 3347 paupertas,
1140 3272 1170 3324 ut
1183 3258 1232 3324 illo
1245 3260 1295 3335 ait,

188 3361 297 3448 impulit
320 3363 414 3428 audax
444 3374 474 3426 ut
495 3362 584 3428 libros
607 3362 739 3428 lacerem.
784 3362 864 3450 quod
897 3365 986 3450 ipsm
1011 3375 1105 3426 buten
1134 3361 1226 3425 albuo
1255 3361 1296 3427 ita

191 3462 355 3550 temperavi,
385 3475 414 3529 et
440 3465 470 3529 in
492 3477 635 3551 postorum
658 3486 769 3551 quoque
791 3465 877 3532 rebus
899 3465 971 3530 meis
994 3465 1035 3528 sio
1057 3464 1235 3549 poscentibus
1256 3464 1296 3529 ita

194 3563 344 3642 ἱιιιιίιιιιιιι,
385 3579 414 3631 nt
438 3587 495 3630 non
516 3568 625 3631 minora
649 3566 685 3632 ad
710 3567 845 3633 bonarum
878 3567 1020 3634 literarum
1052 3563 1190 3630 audium
1213 3587 1297 3653 quem

192 3664 232 3732 al
255 3687 301 3731 me
323 3667 393 3734 mois
423 3689 442 3732 e
466 3667 610 3734 laboribus
633 3667 750 3734 redeant
773 3668 964 3735 emolumenta.
1015 3667 1077 3735 Vos
1103 3678 1196 3734 autem
1220 3669 1297 3754 quid,

191 3779 309 3855 praeter
332 3770 460 3856 publicae
483 3770 608 3835 utilitatis
637 3772 761 3836 rationes
784 3783 815 3836 et
840 3770 1009 3836 voluntatem
1037 3768 1076 3834 ‹le
1109 3791 1157 3834 rae
1187 3791 1298 3856 quoquo

189 3871 323 3958 privatim
343 3871 417 3938 bene
443 3871 587 3947 merendi,
617 3873 656 3937 etl
679 3871 737 3939 boo
763 3872 886 3939 Cedreni
910 3872 1031 3938 dandum
1053 3893 1150 3937 munus
1173 3873 1295 3937 adduxe·

187 3971 236 4044 rit.
266 3991 304 4036 ne
336 3972 459 4059 eogitari
481 3973 592 4060 quidem
626 3986 732 4061 potem
773 3976 827 4041 uisi
850 3975 876 4039 si
899 3976 961 4061 quis
991 3975 1032 4041 ita
1052 3985 1097 4038 est
1122 3972 1152 4038 iu
1180 3974 1295 4061 Europa

187 4071 295 4159 bospee
319 4086 349 4139 et
367 4074 461 4138 laruae
481 4075 611 4163 ἰςιιιιιιι,
641 4088 671 4140 nt
693 4097 746 4141 uos
766 4089 796 4141 et
819 4076 912 4142 avitae
935 4088 964 4140 et
985 4073 1087 4140 vostris
1110 4074 1216 4140 meritis
1229 4096 1292 4161 par-

186 4185 234 4240 tae
257 4175 370 4264 gloriae
394 4177 495 4264 inopes
524 4177 677 4264 uspioetnr
697 4177 822 4246 voluisse
852 4177 933 4245 buna
956 4175 1134 4243 liberalitatis
1162 4190 1292 4266 apporta

1046 4279 1086 4319 Η
