3025 4784
241 273 290 344 ae
501 248 505 258 '
597 271 778 342 neuneu
803 269 988 340 munem

241 445 291 510 eol
305 449 366 510 τῶν
375 439 493 529 ’ὁμοίιον
507 443 602 510 αάτοῦ
617 441 773 529 δαιμόνων
785 444 836 511 καλ
851 449 1010 530 συγγενῶν.
1060 437 1137 510 εἶναι
1153 443 1188 509 dl
1199 442 1256 528 τὴν
1266 439 1342 510 τού-

238 573 294 614 του
310 549 427 633 μητίρα
446 551 616 634 Σεμίραμιν
637 551 688 614 καλ
712 547 805 613 αὐτὸν
824 547 878 613 τὸν
892 548 958 613 Δία
973 549 1024 613 καὶ
1045 547 1101 632 τὴν
1123 548 1227 633 γενεάν
1249 546 1346 612 αὐτοῦ

239 652 318 716 κατὰ
337 653 410 728 τοὺς
427 651 559 739 χρόνους
580 651 734 738 ἱστοροῦσι
750 659 806 716 τοῦ
818 648 977 737 Ἅβραάμ·
1006 651 1113 734 λ’τιρεπε
1126 651 1186 736 γάρ
1202 655 1257 715 τοῦ
1274 651 1345 714 δια-

199 772 225 827 Ι)
241 751 337 838 βόλου
355 758 397 830 είς
410 751 509 839 λύμην
524 760 645 819 πολλῶν
657 755 713 839 τὴν
727 754 807 819 κατὰ
819 755 873 820 τὸν
885 754 1027 839 ἔχθιστον
1042 761 1151 821 τοῦτον
1160 755 1224 818 Διά
1239 752 1345 838 γενεάν

240 858 451 940 ίκλεξαμίνου,
487 856 556 924 τότε
573 857 693 923 καὶτὸν
712 857 788 923 θεὸν
804 857 858 922 τάν
875 858 979 942 ἀληθῆ
999 861 1041 935 εἰς
1054 863 1175 923 πολλῶν
1191 859 1369 941 σωτηρίαν5

240 960 293 1028 τὸν
312 962 427 1026 δίκαιον
452 962 578 1027 καλέσαι
596 959 748 1048 Ἀβραάμ.
802 952 891 1038 οὗτος
914 959 1026 1037 ὅΖεῦς
1051 961 1129 1048 πρὸς
1152 969 1217 1037 τοῖς
1240 959 1348 1035 ἀλλοις

240 1064 319 1141 vion
333 1064 401 1146 ἴσχε
418 1067 469 1129 καὶ
488 1068 612 1129 Φαῦνον
631 1067 681 1129 καὶ
694 1064 821 1150 Περσέα
843 1066 894 1128 καί
911 1063 1104 1130 Ἀπόλλωνα·
1131 1063 1211 1128 ἀλλά
1222 1061 1277 1128 τάν
1290 1062 1347 1144 μὲν

245 1171 368 1233 datvm
390 1167 439 1232 ἐπ’
467 1165 593 1249 ὀνόματι
611 1173 666 1233 τοῦ
683 1165 836 1251 πλάνητος
855 1166 982 1253 ἀστέρος
998 1165 1137 1232 ἐκάλεσεν
1150 1165 1265 1253 Ἑρμῆν
1270 1212 1281 1243 ,
1313 1163 1348 1241 ἀς

243 1274 294 1336 καλ
311 1271 389 1354 μετὰ
403 1269 459 1354 τὴν
473 1271 552 1348 Διὸς
564 1271 704 1355 τελευτὴν
719 1273 894 1352 ἐβασίλευσε
908 1277 963 1353 τῆς
974 1272 1104 1346 Ἰταλίας
1119 1268 1170 1353 ἴτη
1184 1267 1348 1355 τριάκοντα

243 1375 346 1452 πίντε,
372 1365 410 1457 ἦν
433 1375 467 1439 δὲ
488 1381 657 1462 πανοῦργος
677 1374 753 1460 ἀνὴρ
779 1376 830 1438 καὶ
850 1373 1068 1457 μαθηματικὸς
1086 1376 1137 1438 eol
1153 1369 1345 1457 λογιώτατος.
1357 1379 1393 1432 10

163 1535 166 1542 .
245 1479 307 1542 ἐπεὶ
323 1477 357 1541 δὲ
371 1474 431 1541 ὕπὸ
448 1484 509 1542 τῶν
526 1477 627 1543 ἀλλων
646 1477 789 1564 ἀδελφῶν
808 1474 1016 1561 ἐπεβουλεύθη
1039 1476 1148 1561 (αὐτὸς
1163 1475 1222 1563 γὰρ
1237 1471 1350 1541 Morti-

247 1582 302 1656 δος
318 1579 459 1666 γυναικὸς
473 1573 511 1660 ἦν
524 1579 600 1660 υἶύς,
618 1580 656 1665 ἣν
670 1578 794 1667 πρώτην
808 1579 893 1663 ἴσχεν
907 1577 923 1643 ὅ
938 1581 1019 1657 Ζεύς
1034 1582 1065 1644 ἒν
1078 1581 1201 1669 Ἰταλίη,
1215 1577 1350 1661 Ἀλκμή-

135 1737 139 1744 .
157 1697 181 1751 P
199 1677 233 1753 1'8
250 1709 305 1766 νην
318 1684 353 1748 δὲ
367 1683 423 1768 τὴν
440 1683 580 1767 Θηβαίαν
595 1684 658 1766 μετ’
677 1681 784 1767 αύτήν,
797 1684 829 1760 ἐξ
844 1674 882 1767 ἧς
896 1682 1136 1769 adsensionesque
1151 1681 1236 1764 ἴσχεν
1246 1677 1350 1767 Ἦρα-

247 1786 346 1870 κλία),
371 1783 468 1849 πολύν
479 1785 596 1869 χρυσὸν
610 1781 877 1869 ίγκολπιοσάμενος
891 1787 934 1866 εἰς
951 1786 1111 1871 Αἴγυπτον
1121 1777 1199 1870 ἦλθε
1205 1833 1217 1864 ,
1246 1788 1297 1851 καὶ
1309 1789 1350 1870 τῇ

246 1886 356 1956 τούτου
373 1883 505 1952 ἐπιδόσει
522 1889 575 1952 καὶ
595 1895 639 1974 τῷ
659 1885 739 1975 λόγῳ
756 1891 808 1952 καλ
822 1895 860 1974 τῇ
873 1890 1001 1980 μαντείην
1015 1891 1066 1953 καί
1080 1899 1145 1965 τοῖς
1160 1887 1395 1976 teuduald-1⁵

246 2017 340 2075 μασιν
357 1991 526 2076 ἀγαπηθεὶς
542 1993 593 2056 καὶ
612 1987 668 2055 ὑπ’
686 1990 787 2056 αὐτῶν
807 1990 1021 2071 ἀποθεωθείς,
1046 1993 1197 2078 Μίστρεμ
1211 1990 1351 2056 notitioni

208 2087 211 2098 ’
247 2095 329 2177 Χάμ
340 2099 396 2160 τοῦ
412 2095 477 2158 leti
486 2091 703 2177 densissimos
717 2090 928 2171 ἀποθανόντος
941 2095 1038 2172 εὐθύς
1051 2091 1273 2182 ἀναγορεύεται,
1299 2094 1352 2158 καλ

248 2199 280 2264 ἓν
295 2195 488 2286 ὑπερηφανίᾳ
505 2200 556 2262 καλ
571 2203 633 2262 τῶν
647 2193 819 2280 μελλόντων
830 2194 997 2284 προρρήσει
1017 2194 1060 2276 ῶς
1077 2199 1152 2276 θεὸς
1165 2195 1352 2281 κλεῖζύμενος

248 2303 296 2366 tul
312 2299 363 2366 λθ’
377 2300 427 2383 ἴτη
443 2297 603 2386 Αἰγύπτου
616 2297 781 2382 βασιλεύει.
824 2297 841 2365 ὅ
858 2301 892 2364 δὲ
903 2298 1058 2365 Ἀπόλλων
1069 2298 1217 2384 πνεύματι
1228 2297 1352 2366 Πύθω-

248 2429 302 2482 νος
318 2407 350 2470 ἐκ
364 2402 504 2487 νεότητος
517 2401 646 2485 κάτοχος
660 2401 702 2468 ῶν
717 2403 774 2479 ἕως
787 2408 928 2488 τελευτῆς
943 2403 1048 2484 ednod,
1068 2405 1140 2470 οὐδὲ
1153 2405 1233 2486 μετὰ
1247 2409 1348 2470 τελευ-
1357 2415 1398 2470 20

249 2507 307 2590 τὴν
322 2507 417 2573 oritoni
432 2513 488 2590 τῆς
503 2508 694 2595 φληναφείας
708 2504 863 2573 ἐπαύσατο
886 2503 903 2571 ὃ
923 2505 1069 2595 πονηρός·
1102 2506 1166 2573 ἔστι
1185 2507 1244 2595 γάρ
1263 2513 1352 2572 τοῦτο

252 2609 332 2688 aldae
346 2608 515 2694 πνεύματος
526 2608 772 2694 μονταιῶτατον,
797 2609 896 2676 πολλά
908 2610 965 2693 μὲν
977 2611 1099 2694 ἀληθῆ,
1123 2609 1163 2676 τὰ
1180 2610 1215 2674 δέ
1226 2616 1354 2676 πλεῖστα

252 2857 316 2909 nee,
342 2837 433 2893 divino
456 2837 527 2894 eultu
550 2845 630 2907 atqua
646 2837 800 2894 adoratione
816 2857 848 2894 eo
866 2856 950 2910 neque
965 2839 1143 2909 honorarent,
1167 2839 1229 2894 dum
1244 2839 1355 2895 verboru

251 2909 297 2964 dei
314 2925 418 2960 carnem
434 2907 534 2974 induit,
559 2907 640 2978 idque
663 2911 788 2976 gentibus
810 2911 947 2963 beatorum
969 2908 1146 2980 apostoloram
1162 2927 1194 2962 ac
1210 2918 1355 2977 martyrum

252 2977 398 3032 ministerio
415 2975 540 3030 innotuit.
575 2985 683 3030 nonant
702 2978 772 3030 huno
790 2978 881 3032 Iovem
906 2995 938 3031 ao
961 2987 1068 3033 matrem
1085 2979 1142 3032 eius
1157 2977 1355 3032 Semiramidem

252 3047 433 3116 reliquumque
455 3045 511 3098 eius
533 3061 616 3112 genus
638 3047 779 3100 Abruhemi
802 3057 890 3100 aetate
913 3047 1058 3101 exstitisse.
1093 3048 1269 3101 conveniebat
1285 3046 1356 3100 enim

253 3127 284 3169 ut
305 3131 382 3184 quam
405 3121 517 3168 aetatem
538 3112 658 3167 diabolus
682 3117 714 3168 ed
739 3116 883 3186 perniciem
904 3115 991 3170 multis
1011 3136 1026 3169 o
1047 3134 1092 3169 ern
1107 3117 1262 3170 invisissimi
1277 3116 1357 3168 istius

252 3185 327 3239 Iovis
349 3185 500 3237 struendam
527 3182 675 3252 delegerat,
703 3187 794 3239 eadem
820 3185 898 3238 etiam
922 3203 1002 3239 veros
1025 3135 1090 3239 <leus
1108 3186 1199 3240 salutis
1217 3185 1357 3238 multorum

254 3271 335 3309 eausa
351 3253 447 3306 iustum
461 3251 634 3305 abrahamum
653 3261 771 3308 noceret.
806 3255 927 3324 luppiter
944 3272 1001 3308 cum
1018 3255 1085 3307 alios
1100 3255 1185 3323 lilios,
1209 3264 1264 3308 turn
1280 3255 1356 3308 Fau·

253 3341 315 3378 uum
331 3323 456 3376 Perseum
474 3329 501 3376 et
516 3321 661 3390 Apollinem
680 3323 782 3377 habuit.
800 3341 831 3377 ac
850 3326 967 3376 Faunum
984 3325 1088 3393 quoidam
1102 3325 1240 3394 desumpto
1258 3325 1291 3376 ab
1311 3339 1357 3375 er-

252 3401 329 3446 rante
352 3391 427 3446 atella
448 3391 551 3444 nomine
568 3391 726 3444 lllercurium
743 3391 904 3462 appellavit3
928 3393 1004 3462 isque
1022 3410 1039 3445 a
1056 3401 1141 3446 morte
1157 3394 1229 3446 Iovis
1246 3409 1358 3461 regnum

253 3462 348 3515 ltaliae
364 3477 446 3513 annos
463 3459 498 3514 ³5
515 3459 610 3513 tenuit.
646 3459 721 3513 homo
738 3461 791 3514 suit
807 3471 946 3529 versutos,
972 3463 1186 3531 mathematicus,
1211 3461 1358 3514 disertissi-

149 3531 155 3545 '
253 3547 321 3584 mus.
357 3547 413 3583 cum
430 3547 495 3582 vero
513 3528 617 3584 insidiis
634 3529 793 3599 reliquorum
810 3530 920 3585 fratrum
936 3539 1072 3614 peteretur
1090 3531 1172 3598 (filius
1188 3530 1256 3584 enirn
1269 3531 1357 3583 Maia-

253 3600 296 3653 dia
310 3599 425 3652 mulieris
439 3605 505 3666 erat,
524 3617 600 3668 quam
615 3599 642 3651 in
656 3599 734 3651 ltalia
746 3600 857 3671 primam
872 3599 965 3654 habunt
977 3616 1084 3653 uxorem
1098 3601 1233 3670 Iuppiter3
1251 3617 1283 3652 ao
1296 3605 1359 3669 post

255 3685 312 3723 earu
329 3667 476 3720 Alcmenam
494 3667 664 3732 Thebanam,
683 3684 751 3737 quae
768 3669 795 3722 ei
809 3669 985 3737 trivesperuur
1002 3668 1140 3722 Herculem
1158 3669 1282 3740 peperit)
1300 3686 1358 3721 ma·

255 3754 309 3806 gna
325 3735 352 3787 vi
374 3737 431 3789 auri
450 3737 634 3790 suffarcinatus
652 3735 678 3788 in
696 3739 846 3806 Aegyptum
862 3738 946 3790 venit.
980 3737 1018 3790 ibi
1037 3738 1070 3789 ob
1088 3737 1147 3791 auri
1162 3739 1220 3791 eius
1236 3736 1360 3806 largitio-

256 3823 315 3860 nem
339 3805 486 3858 facundiam
511 3805 647 3859 divinendi
671 3805 809 3860 nolentiam
834 3815 862 3860 et
886 3804 993 3858 oracula
1008 3805 1140 3874 gratimus
1156 3808 1243 3861 sactus
1261 3824 1293 3858 ao
1309 3823 1360 3878 pro

256 3875 306 3930 deo
324 3874 445 3942 habitus,
470 3875 604 3928 Mezromo
621 3875 714 3929 chami
728 3875 799 3943 filio,
825 3875 871 3946 qui
890 3891 999 3942 regnum
1019 3875 1136 3945 Aegypti
1156 3885 1220 3930 tono
1242 3878 1359 3942 mahat,

256 3955 357 4000 mortuo
375 3945 541 4012 subrogetur.
577 3944 622 3998 ubi
640 3962 696 3998 oum
714 3945 785 3998 fastu
801 3951 829 3997 et
866 3943 1029 3997 raediotione
1042 3945 1206 4014 futurorum,
1226 3944 1290 3998 deus
1309 3961 1325 3997 a
1347 3976 1361 3987 -

256 4013 386 4086 pollutos,
405 4030 453 4082 per
469 4029 550 4065 annos
567 4014 813 4098 undequadraginta
829 3961 978 4081 ielregnum
993 4013 1086 4080 gessit.
1122 4022 1238 4068 osterum
1254 3961 1359 4098 Apollo,

257 4099 315 4136 oum
333 4085 368 4135 eb
384 4081 491 4134 ineunte
509 4087 597 4135 aetate
611 4083 708 4154 sprritu
722 4081 852 4150 Pythonis
870 4083 965 4135 fuisset
979 4083 1096 4149 afflatus,
1112 4084 1189 4153 isque
1205 4083 1314 4152 spiritus
1332 4099 1360 4136 ea

256 4169 306 4272 ρει·
324 4169 423 4204 omnem
441 4150 521 4204 vitam
534 4151 671 4218 adfuisset,
689 4169 722 4206 ne
738 4161 840 4204 mortuo
855 4152 959 4222 quidem
974 4169 1006 4204 eo
1018 4152 1128 4207 istarum
1141 4169 1267 4222 nugarum
1280 4151 1362 4206 finon

271 4219 324 4272 ecit
346 4219 477 4274 diabolus.
524 4219 634 4274 maxima
659 4221 796 4274 divinandi
821 4221 946 4275 facultate
972 4221 1001 4273 id
1025 4239 1109 4290 genus
1131 4222 1242 4291 spiritus
1265 4221 1360 4290 pollet,

258 4289 338 4344 mute
355 4305 435 4360 vera,
464 4287 590 4362 pleraque
610 4298 697 4346 autem
718 4290 843 4363 ambigua
867 4299 896 4346 et
911 4289 1038 4362 auoipitia
1054 4292 1088 4346 ob
1107 4289 1299 4361 ignorationem
1316 4287 1362 4343 di-
