3025 4784
366 272 665 362 msroursunsr
686 289 982 373 coruuunwu.
1151 289 1229 364 unu

129 471 231 555 κηρῶν
245 459 416 550 δογμάτων,
440 465 492 530 καλ
509 468 625 549 πολλῆς
645 469 785 551 ταραχῆς
801 461 958 550 γινομένης
978 457 1113 546 μάλιστα
1135 461 1168 530 ἓν
1189 467 1230 551 τῇ

129 572 278 656 ἀνατολῇ,ι
297 565 455 655 φονεύεται
466 569 637 656 Προτέρισς
652 563 669 632 δ
684 566 779 651 μέγας
795 567 892 650 ἱερεὺς
903 569 956 632 καὶ
973 567 1073 653 ἕτερον
1085 572 1230 634 πλεῖστοι.

130 671 247 742 τούτων
263 665 319 739 οῦν
333 670 431 747 οὕτως
446 669 576 753 ἀγόντων
589 669 749 736 ἀνέσταται
771 669 887 736 θεόθεν
902 669 1087 759 Μαρκιανὸς
1106 665 1122 734 δ
1136 675 1230 753 βασι-

132 774 218 856 λεάς,
251 778 303 840 καλ
323 773 501 860 συναγαγὼν
516 773 549 838 έν
563 771 744 858 Χαλκηδόνι
765 772 821 858 τὴν
839 779 901 840 τῶν
919 771 969 858 χλ]
985 773 1125 861 πατέρων
1140 771 1232 839 σῦκο-

105 882 207 957 5δον,
240 876 400 965 παρόντων
419 873 594 964 Διοσκόροα
616 879 669 944 καλ
688 877 867 960 Εάτυχοῦς,
897 875 976 960 μεθ’
1002 867 1045 944 ὧν
1066 878 1117 942 καλ
1139 875 1234 951 αὐτὸς

130 984 293 1068 πορευθείς
299 1029 311 1060 ,
341 977 592 1060 καταδικάζονται
609 981 666 1063 μέν
686 975 861 1066 Διόσκορος
879 983 930 1046 καὶ
945 979 1087 1064 Εὖτυχῆς
1100 981 1152 1046 καὶ
1165 983 1272 1044 Νε-Ι)

130 1082 255 1171 στόριος
272 1085 324 1148 καὶ
347 1081 439 1149 πάλιν
464 1082 754 1166 άναθεματέζονται,
791 1080 991 1169 Θεοδάρητον
1012 1084 1046 1148 δέ
1070 1085 1121 1148 καλ
1140 1081 1233 1164 ”Istus

130 1189 183 1253 καλ
205 1189 368 1255 Βασίλειον
391 1187 567 1264 Σελευκείας
588 1187 728 1264 ἐδέξαντο
750 1184 1067 1273 καθνπογράψαντος.
1115 1189 1233 1268 καὶτῆς

132 1296 295 1377 λῃστρικῆς
308 1285 440 1355 συνόδου
455 1288 677 1375 ἀνατραπείσης
693 1292 744 1355 καὶ
759 1289 1076 1373 ἀναθεματισθεέσης,
1101 1290 1144 1366 εἰς
1158 1290 1233 1372 psius

88 1403 128 1460 10
134 1394 315 1480 συμφωνίαν
329 1391 443 1478 ἤγαγον
456 1389 573 1469 πάντας
586 1392 617 1457 oi
629 1397 711 1458 θεῖοι
725 1393 863 1478 πατέρες.
911 1389 1028 1461 τοῦτων
1040 1392 1074 1456 tt
1087 1399 1148 1458 τῶν
1163 1415 1234 1456 τεσ-

132 1492 237 1582 σάρων
250 1493 387 1562 συνόδων
398 1493 479 1561 οὕτω
493 1495 659 1581 γενομένων
673 1497 726 1560 καὶ
741 1494 1020 1577 έπεβεβαιωθεισιδν
1034 1496 1085 1560 καλ
1098 1519 1233 1581 κρατου-

132 1603 196 1682 σῶν
210 1600 244 1663 ἐν
259 1605 299 1684 τῇ
312 1605 369 1663 τοῦ
380 1604 460 1665 θεοῦ
472 1599 626 1688 έκκλησέρ,
645 1600 674 1664 oi
689 1597 729 1664 τδ
741 1599 912 1685 Νεστοριόν
926 1604 1108 1685 φρονοῦντες
1121 1593 1234 1664 innoti-

133 1703 234 1768 δασαν
254 1693 348 1778 αὖθις
367 1699 422 1785 τὴν
438 1702 555 1788 αἵρεσιν
574 1701 675 1766 αῦτάν
688 1706 908 1788 κρατῦναι...
925 1709 981 1786 τῆς
997 1698 1161 1788 Θεοδώρου
1177 1705 1234 1766 τοῦ

134 1801 259 1888 Μόψον
276 1801 378 1880 έστέας
390 1803 552 1891 ἀφορμῆς,
576 1809 681 1892 πολλῷ
690 1806 815 1890 χείρονα
829 1810 886 1872 τοῦ
899 1810 1047 1889 μαθητοῦ
1059 1803 1155 1870 αὐτοῦ
1170 1807 1236 1870 Νε-

93 1915 128 1972 15
136 1909 258 1994 στορέου
272 1905 566 1993 βλασφημήσαντος.
615 1906 691 1972 ὅθεν
708 1909 809 1974 τοίνυν
827 1910 878 1974 καλ
894 1903 982 1991 ἡμεῖς
993 1907 1235 1982 ἀκολουθοῦντες
1250 1916 1273 1972 Ρ
1289 1913 1343 1972 utu

134 2020 200 2088 τοῖς
217 2006 375 2095 ἡμετέροις
394 2008 546 2095 πατράσι,
578 2012 630 2074 καὶ
650 2007 831 2091 βουλόμενοι
846 2011 902 2094 τὴν
919 2009 1020 2098 ὀρθὴν
1036 2011 1136 2076 πίστιν
1153 2007 1237 2074 ἀλά-

134 2120 230 2198 βητον
248 2111 532 2200 διαφυλάττεσθαι,
557 2112 765 2199 προτρέπομιν
779 2115 829 2178 καὶ
842 2109 951 2180 τοῦτον
966 2113 1022 2189 τάς
1037 2112 1239 2200 βλασφηγαάς

108 2289 112 2299 ⁴
137 2214 369 2294 διεξετάσαντας
387 2214 461 2281 κατ’
480 2213 576 2280 αι’-τοῦ
594 2216 646 2278 καὶ
664 2219 725 2280 τῶν
746 2211 929 2302 δμοφρόνιον
956 2215 1053 2281 αάτοῦ
1074 2209 1239 2300 ἀποφήνα-

137 2325 225 2386 σθαι.
276 2317 354 2405 πρδς
366 2317 426 2405 γάρ
438 2326 507 2394 ταῖς
518 2315 866 2407 άλλωιςάναριθμήτοις
881 2316 976 2383 αὐτοῦ
991 2319 1181 2405 δυσφημιάις
1196 2319 1240 2392 εἷς

94 2419 276 2509 ξοΧριστδν
295 2421 349 2487 τὸν
366 2420 443 2486 θεδν
463 2417 552 2504 ἡμῶν
570 2420 761 2504 γενομέναις,
791 2419 885 2486 ἀλλον
902 2417 976 2488 εἶναι
991 2421 1045 2488 τὸν
1058 2419 1135 2486 θεὸν
1150 2416 1240 2505 λόγον

137 2528 190 2592 καὶ
205 2524 299 2590 ἀλλον
313 2522 368 2589 τάν
381 2520 529 2610 Χριστόν,
554 2519 614 2588 bui
635 2529 695 2588 τῶν
713 2529 772 2607 τῆς
791 2529 896 2608 ψυχῆς
914 2529 1028 2590 παθῶν
1043 2525 1170 2590 καὶτῶν
1184 2529 1240 2607 τῆς

137 2628 254 2715 σαρκὸς
271 2629 442 2710 ἐπιθυμιῶν
460 2622 684 2711 ἓνοχλοῦμενον,
708 2628 761 2692 καλ
785 2633 847 2692 τῶν
864 2625 1012 2713 χειρόνων
1032 2627 1111 2692 κατά
1131 2625 1240 2714 μικρὸν

139 2726 346 2818 ἀφιστάμενον
362 2729 439 2815 πρδς
454 2730 494 2795 τά
507 2731 663 2817 κρείττονα
683 2736 721 2816 τῇ
742 2736 884 2818 προκοπῇ
902 2737 963 2796 τῶν
977 2728 1072 2816 ἔργων
1090 2728 1240 2812 έληλνθό-

139 2859 210 2916 ναι,
233 2835 286 2900 καὶ
300 2839 339 2924 τῇ
352 2831 461 2924 ἀρέοτη
472 2834 608 2928 πολιτεέρ
620 2828 780 2920 γενόμενον
795 2831 935 2920 άμωμον,
953 2835 1004 2902 καὶ
1018 2829 1062 2912 ὥς
1073 2831 1167 2918 ψιλὸν
1183 2829 1252 2932 άν-ι

138 3059 297 3134 presseru‘n
312 3061 341 3116 in
358 3059 471 3118 Oriente
486 3062 634 3118 existerent
647 3061 788 3131 tumultus,
807 3061 889 3120 oeeisi
905 3067 967 3118 sunt
982 3061 1121 3118 Pretorius
1134 3062 1241 3132 episeo-

138 3151 190 3204 pus
207 3141 236 3187 et
252 3131 298 3184 elii
315 3131 429 3202 plurimi.
464 3147 496 3185 eu
519 3150 607 3186 rerunt
631 3140 704 3186 stetu
720 3133 812 3186 divino
827 3134 996 3203 providentie
1010 3133 1173 3186 Mesoiunurn
1190 3131 1242 3184 iru-

139 3210 288 3272 pernturetn
305 3211 387 3254 creet.
422 3202 447 3256 is
463 3199 586 3254 interfuit
604 3218 622 3254 s
637 3217 669 3254 se
684 3211 778 3254 oouoto
795 3201 963 3256 cheluudone
984 3202 1037 3254 630
1056 3209 1159 3270 petron
1176 3217 1242 3252 oon-

140 3269 213 3338 oilio,
237 3269 421 3342 proesentibus
434 3269 518 3338 ¹etism
536 3269 667 3323 Dioscoro
682 3277 710 3323 et
728 3269 889 3337 Eutyobete.
923 3271 962 3334 ibi
979 3285 1070 3326 rursus
1087 3269 1243 3324 damnentur

140 3339 285 3393 Dioscorus
301 3339 484 3408 Eutyebeeet
501 3338 650 3407 Nestorius,
669 3339 852 3408 approbentur
868 3337 1047 3392 Tbeodoritns
1063 3339 1125 3392 Ibus
1142 3347 1171 3392 et
1186 3339 1243 3392 Bs-

140 3408 218 3463 silins
233 3409 372 3462 Seleneieo
389 3427 405 3461 e
423 3407 544 3492 isoopnn,
567 3425 626 3462 eun
649 3413 755 3462 tendent
777 3407 860 3477 priori
886 3406 997 3462 oonoiiio
1014 3406 1243 3476 subscripsissent.

140 3477 182 3532 its
205 3477 311 3531 abolitis
333 3495 383 3549 prs
416 3486 518 3532 stonee
541 3475 637 3544 synodi
654 3476 722 3531 τοῦτ
739 3483 768 3530 et
784 3477 929 3546 deminutis,
953 3475 1095 3530 oonoordin
1111 3494 1129 3530 s
1145 3473 1245 3530 tenutis

139 3546 262 3618 putribus
279 3547 350 3600 inter
366 3564 455 3601 ornnes
473 3545 613 3600 conciliate
626 3553 678 3600 est.
713 3545 755 3599 bis
776 3553 900 3614 quattuor
925 3543 1044 3598 consiliis
1067 3545 1109 3598 sio
1131 3545 1199 3600 sotis
1217 3549 1248 3596 et

141 3616 300 3670 snotoritnte
315 3616 465 3684 roboretis,
491 3631 602 3684 esusque
624 3615 655 3668 in
676 3613 791 3669 eeoiesis
808 3614 853 3668 dei
869 3614 1065 3683 obtinentibus,
1088 3611 1249 3668 Nestorisni

140 3684 227 3738 denno
249 3685 338 3738 consti
358 3693 422 3738 suut
442 3701 516 3739 suurn
541 3682 673 3738 beeresisn
688 3684 844 3738 confirmare
861 3701 943 3754 opere
963 3682 1102 3738 Theodori
1118 3682 1247 3752 Mopsue-

140 3753 209 3808 stise
226 3772 241 3806 e
260 3753 362 3824 ieeopi,
386 3752 432 3825 qni
457 3751 610 3822 megistrurn
633 3770 708 3808 suun
726 3753 880 3806 Nestorium
904 3751 985 3824 impie
1010 3753 1044 3807 ds
1066 3753 1146 3806 rebus
1163 3747 1248 3804 esuris
1309 3762 1314 3771 '

139 3773 273 3892 loquenio
291 3824 444 3892 supersbst.
479 3821 592 3892 proinde
609 3839 658 3876 nos
674 3821 798 3890 vestigiis
814 3823 939 3876 meierum
957 3831 1104 3876 nostrorum
1119 3819 1248 3874 insisten-

140 3898 185 3946 tes
207 3892 396 3962 cupientesque
419 3907 509 3945 versus
531 3890 609 3944 fidem
634 3891 770 3960 integrm
788 3908 964 3960 oouservsre,
989 3891 1125 3945 hortemur
1146 3905 1195 3942 vos
1217 3893 1250 3943 ut

141 3959 220 4014 buius
248 3977 354 4030 quoque
382 3959 514 4016 soelerete
542 3959 678 4014 neumis
700 3960 878 4016 eserninsntes
903 3963 938 4016 de
963 3979 994 4014 eo
1019 3968 1047 4016 et
1070 3957 1249 4012 sectatoribus

142 4027 154 4081 i
188 4029 229 4082 'ns
254 4027 387 4084 statuetis.
422 4045 481 4082 nnus
501 4038 609 4100 prester
628 4030 766 4084 hnurnere
787 4029 840 4083 elin
864 4047 933 4100 quse
956 4029 1036 4100 inpie
1058 4027 1088 4081 in
1112 4026 1249 4081 Christum

141 4046 220 4152 ἀΐοιεν
237 4107 355 4151 nostrum
371 4095 510 4152 moledicte
526 4097 658 4181 evomuit²
682 4099 711 4152 id
735 4115 840 4168 quoqne
865 4098 975 4167 protulit
997 4097 1076 4152 aliurn
1091 4114 1152 4150 esse
1169 4097 1246 4149 deuon

142 4169 262 4234 verbum,
289 4164 368 4220 olium
384 4166 530 4233 curteung
549 4165 596 4237 spui
611 4168 691 4220 sorni
707 4168 950 4237 perturbationibus
966 4176 995 4221 et
1008 4165 1095 4222 cernis
1113 4165 1245 4235 eupidita-

143 4237 215 4292 tibus
233 4234 378 4290 nolentium
393 4235 448 4320 ipsi
463 4237 649 4291 exhibentibus
669 4236 794 4306 psulstirn
815 4255 832 4290 n
854 4236 1032 4292 deterioribus
1054 4234 1186 4290 desistens
1202 4234 1246 4286 ie-

143 4314 246 4362 etorunr
259 4305 384 4380 proiectu
398 4322 429 4362 us
444 4303 537 4362 neiins
554 4305 687 4378 eruerit,
707 4304 894 4380 inculpeteque
915 4307 1031 4379 optineo
1051 4303 1123 4362 vitoe
1141 4303 1246 4362 rutioue.
