3025 4784
411 261 708 336 mstomuu
731 261 1025 334 coruuuuwu.
1198 265 1274 338 553

175 435 324 530 ἐφώτισε,
349 435 406 516 τδς
424 437 584 522 ἐκκλησίας
602 433 705 514 πόσας
726 436 898 523 παρέλαβε,
917 429 1143 525 τεσσαράκοντα
1157 431 1212 525 ἐτη
1224 436 1277 506 καί

175 543 286 633 μικρόν
300 569 331 608 τι
345 541 424 630 πρὸς
437 539 650 624 κατασχόντων
667 539 764 618 aiche
777 547 839 606 τών
849 540 1020 628 Ἅρειανῶν.

284 685 341 768 Τῷ
363 675 386 747 ε’
413 677 471 745 έτει
498 677 666 744 Θεοδοσίου
690 677 721 742 ἐν
737 675 902 768 Ἀντιοχείᾳ
924 674 1004 743 ἐτεκε
1025 675 1101 764 γυνὴ
1124 677 1156 749 ἐν
1175 679 1278 772 scirpi
1379 664 1381 667 Ι

178 785 289 850 παιδία
304 783 438 868 τέσσαρα
452 779 610 871 ἄρρενικό·
632 779 754 865 ἐπέζησε
772 781 806 846 δὲ
817 787 919 866 μῆνας
931 779 999 862 δύο,
1011 785 1064 848 καί
1080 782 1232 852 ἀπέθανεν
1243 783 1279 852 ’ἐν

153 889 229 956 etat
246 884 289 953 ἐνί
304 887 343 952 rh
356 887 501 973 τέσσαρα.

284 1027 341 1112 Τῷ
358 1020 384 1100 d
397 1021 455 1089 i'ru
469 1019 488 1106 ἦ
503 1017 620 1108 μεγάλη
635 1020 686 1086 καὶ
702 1018 892 1104 οέκουμενικὴ
913 1016 983 1105 ἁγία
1005 1020 1131 1110 δευτέρα
1151 1019 1281 1102 σόνοδος
1295 1036 1318 1093 P
1334 1037 1388 1094 316

180 1131 243 1192 τῶν
262 1122 370 1192 ἐκατδν
387 1123 572 1208 πεντήκοντα
592 1121 772 1213 όρθοδόξων
791 1121 961 1192 ἐπισκόπων
983 1125 1015 1190 ἐν
1031 1128 1283 1194 Κωνσταντινου-

181 1226 268 1295 πόλει
289 1231 502 1318 συνηθροίσθη
522 1227 599 1316 πρός
616 1230 782 1311 βεβαίωσιν
799 1234 861 1294 τῶν
878 1229 909 1292 ἐν
924 1229 1040 1318 Νικαίηι
1056 1231 1281 1314 δογματισθέν-

145 1389 150 1396 .
181 1357 244 1398 των
267 1335 317 1396 καὶ
339 1333 417 1398 κατὰ
438 1333 637 1398 Μακεδονίαν
656 1336 712 1396 τοῦ
726 1327 996 1414 πνευματομιίχου·
1021 1328 1159 1418 δπῆρχον
1173 1335 1207 1400 δέ
1221 1339 1281 1399 Τι-

141 1451 176 1506 1⁰
182 1433 300 1518 μόθεος
318 1437 560 1522 Ἀλεξανδρείας,
585 1435 739 1510 Μελέτιος
755 1434 951 1516 Ἀντιοχείας,
978 1431 1132 1521 liliputer
1148 1433 1282 1524 Ἱεροσο-

182 1536 288 1620 λόμιον
307 1542 357 1603 καὶ
379 1541 410 1603 Γ
407 1536 547 1623 ρηγόριος
567 1533 584 1602 ό
605 1535 761 1623 θεολόγος.
812 1536 1063 1622 ἅναθεματίζεται
1079 1540 1113 1604 δέ
1129 1538 1281 1606 Μακεδό-

182 1666 248 1718 νιος
269 1640 346 1706 κατιλ
366 1648 421 1706 τοῦ
441 1637 528 1726 ἁγίου
549 1637 720 1724 πνεύματος
739 1645 950 1728 βλασφημῶν,
975 1642 1026 1706 καί
1041 1640 1098 1707 σδν
1115 1645 1199 1732 αὐτῷ
1214 1647 1281 1708 Σα-

183 1743 305 1826 βέλλιος
324 1747 376 1810 καί
393 1741 617 1829 Ἀπολινόριος,
644 1742 688 1810 i'se
705 1744 739 1808 δέ
747 1742 865 1830 Ἄρειος
879 1745 930 1809 καί
945 1743 1094 1827 Εὐσέβιος
1108 1741 1125 1809 δ
1140 1751 1282 1831 Νικομη-

186 1849 270 1924 δείας
281 1844 416 1927 Είιζώϊός
427 1873 459 1914 τε
473 1850 523 1912 καί
532 1844 671 1924 Ἀκώκιος
677 1895 688 1926 ,
716 1845 843 1932 Θεόγνις
855 1849 906 1912 καί
920 1847 1092 1934 Εὐφρόνιος
1107 1851 1158 1913 καί
1173 1849 1203 1915 oi
1217 1855 1283 1915 λοι-

143 1951 238 2016 ίὸποί
270 1950 422 2038 αίρετικοί.
474 1949 576 2034 ἀπέχει
602 1950 637 2015 δέ
659 1947 680 2034 ἦ
706 1951 835 2036 δευτέρα
855 1947 984 2027 σόνοδος
1004 1951 1065 2016 ἀπό
1087 1959 1142 2035 τῆς
1159 1951 1284 2040 πρώτης

185 2050 238 2135 ἐτη
253 2050 298 2131 ,ξλ
348 2055 380 2117 Γ
376 2055 507 2141 ρηγορίιμ
522 2055 556 2118 δὲ
569 2060 612 2140 τῷ
626 2048 766 2140 θεολόγῳ
782 2053 838 2137 τὴν
854 2052 1019 2137 ἐπισκοπὴν
1033 2056 1284 2122 Κωνσταντινου·
1299 2064 1323 2118 Β

186 2151 304 2234 πόλεως
317 2151 337 2239 ἦ
355 2153 484 2232 σόνοδος
497 2153 646 2242 ἐκύρωσεν
664 2152 706 2233 ὡς
721 2155 820 2220 πολλὰ
834 2153 961 2240 καμόντι
977 2159 1030 2221 καί
1042 2161 1096 2241 τῆς
1108 2154 1212 2241 λώβης
1222 2165 1285 2224 τών

188 2257 333 2346 αἱρέσεων
358 2259 414 2344 τὴν
434 2260 594 2344 ἐκκλησίαν
615 2256 865 2344 ἐλευθερώσαντι.
914 2258 999 2336 τινὰς
1013 2261 1047 2324 δέ
1061 2265 1122 2325 τῶν
1136 2263 1167 2338 ἐξ
1182 2259 1285 2347 Αἰγό-

186 2387 264 2427 πτου
286 2362 402 2445 μαθών
422 2358 439 2428 δ
460 2359 694 2450 μακαριώτατος
712 2367 757 2448 τῷ
779 2357 935 2449 πρόγμοιτι
966 2360 1200 2448 φθονήσαντας,
1232 2364 1287 2432 τόν

143 2460 409 2551 Ξῠσυντακτήριον
430 2463 653 2549 ἐπιδειξόμενος
674 2461 765 2548 λόγον
787 2463 933 2542 ἑκουσίως
953 2471 1008 2530 τοῦ
1026 2463 1143 2552 θρόνου
1158 2476 1213 2552 τῆς
1225 2475 1288 2550 βα-

188 2568 304 2644 σιλίδος
336 2564 512 2654 ὑπεχώρησε
518 2616 529 2648 ,
570 2565 625 2634 (isio
653 2563 784 2652 χρόνους
813 2563 908 2650 μόνον
935 2564 1048 2652 ταότης
1073 2570 1289 2654 ἐπισκοπήσεις.

187 2669 359 2756 Νεκτάριον
377 2667 393 2737 ὅ
413 2671 557 2754 βασιλεδς
578 2671 629 2738 καί
643 2665 663 2754 ἢ
679 2667 808 2746 σόνοδος
823 2673 1077 2756 προχειρίζονται,
1102 2672 1290 2754 ἀβάπτιστον

189 2775 248 2852 ἕως
269 2771 337 2839 τότε
355 2772 556 2862 τυγχάνοντα.
605 2773 780 2861 προσέθηκε
804 2774 838 2838 δέ
858 2778 904 2864 τῷ
918 2770 1065 2866 συμβόλῳ
1079 2781 1131 2840 καί
1147 2777 1203 2860 τὴν
1214 2783 1291 2842 θεο-

190 2988 273 3026 rerae
289 2971 353 3026 fidei
368 2970 488 3026 doctrina
501 2969 708 3040 illuminaverat,
727 2971 815 3027 omnir
831 2970 929 3042 templa
943 2977 1117 3045 receperunt,
1134 2975 1169 3028 eb
1184 2973 1291 3030 Arquls

190 3041 270 3114 paulo
287 3042 397 3111 amplius
414 3040 587 3110 quadraginta
603 3041 678 3094 annis
696 3048 834 3109 occupatu.

261 3109 362 3172 Quinto
387 3126 455 3163 enno
478 3109 582 3178 imperii
607 3109 788 3162 Theodosiuni
828 3110 935 3164 uaedam
952 3111 1045 3164 rnulier
1059 3110 1221 3166 Antiocheae
1238 3128 1292 3166 uno

191 3185 270 3249 parta
293 3188 418 3248 quattuor
440 3179 567 3234 mucules
588 3178 684 3232 solidite
713 3195 794 3250 super
822 3181 862 3232 xit
886 3197 988 3234 menses
1008 3181 1085 3235 duos.
1118 3179 1291 3235 intensurus

189 3257 253 3320 post
268 3247 345 3302 aliurn
364 3249 441 3303 obiit.

262 3317 344 3371 Sexto
360 3335 428 3372 anno
443 3333 562 3386 magnum
576 3316 718 3370 secundum
734 3333 837 3370 sacrum
856 3317 1048 3371 oecumenicum
1063 3314 1199 3370 concilium
1214 3316 1293 3386 Cpoii

192 3384 354 3440 celebratum
377 3396 420 3440 eet
442 3404 459 3441 a
483 3387 534 3440 150
556 3386 709 3438 orthodoxis
736 3387 882 3458 episcopis,
910 3386 944 3440 ed
974 3387 1150 3439 confirmanda
1173 3387 1293 3440 Nicaeae

192 3455 290 3524 synodi
322 3457 431 3510 decreta
456 3471 487 3508 ac
512 3463 603 3508 contra
627 3455 810 3508 Macedonium
834 3456 945 3539 spiritus
967 3455 1053 3508 sancti
1077 3455 1294 3539 impugnatorem.

191 3525 366 3594 praefuerunt
382 3524 539 3578 Timotheus
550 3523 746 3592 Alexandreae,
765 3525 890 3578 Meieuus
902 3524 1078 3592 Antiocheae,
1096 3525 1212 3591 Cyretias
1226 3525 1294 3578 Hie-

191 3591 381 3662 rosolymorum
401 3593 535 3665 episcopi,
561 3602 588 3647 et
609 3593 755 3663 Gregorius
777 3593 925 3664 theologus.
960 3593 1075 3647 damuati
1091 3603 1154 3648 sunt
1169 3595 1296 3648 Macedo-

193 3661 267 3730 uius,
291 3663 371 3748 impie
394 3663 422 3717 in
444 3661 565 3732 spiritum
587 3673 704 3716 sanctum
726 3663 945 3730 contumeliosus,
968 3680 1078 3734 cumque
1101 3680 1132 3717 eo
1158 3663 1298 3731 Sebellins,

194 3732 378 3800 Apoliuanus,
400 3733 495 3800 Arius,
513 3733 646 3786 Eusebius
663 3733 837 3786 Nicomediae
854 3733 1010 3803 episcopus,
1025 3733 1158 3801 Euroius,
1174 3733 1297 3800 Aeacius,

194 3801 350 3870 Theognis,
377 3801 548 3872 Euphronius
569 3811 597 3855 et
617 3801 713 3870 reliqui
738 3801 875 3856 hoeretici.
909 3804 1025 3856 secunda
1045 3804 1162 3872 synodus
1179 3819 1196 3856 e
1213 3802 1299 3873 prims

195 3870 283 3924 ubiuis
300 3870 375 3923 annis
393 3872 541 3940 sexaginte.
577 3887 609 3924 es
636 3871 769 3939 Gregorio
793 3871 917 3938 theologo
937 3872 1113 3942 episcopatum
1132 3872 1300 3942 cpolitanura

194 3939 317 3994 decrevit
337 3948 369 3992 ut
391 3940 438 4010 qui
460 3939 553 3993 multoe
575 3939 680 3994 laberer
704 3940 871 4009 pertulisset,
897 3939 1085 4010 ecclesiamque
1106 3941 1299 3994 haereticorum

195 4008 258 4061 labe
280 4017 463 4078 expurgasset.
498 4009 544 4062 sed
571 4026 628 4062 curn
650 4009 674 4061 is
702 4009 807 4063 videret
829 4011 954 4079 quosdam
976 4011 1124 4080 Aegyptios
1140 4009 1181 4062 rei
1197 4007 1301 4062 iorilia

195 4089 349 4148 correptos,
370 4077 539 4148 pronuntiata
555 4078 590 4132 (le
607 4077 790 4132 constituenda
807 4079 947 4132 concordia
964 4080 1084 4133 oratione
1101 4078 1169 4133 uitro
1187 4095 1218 4132 sc
1233 4077 1300 4132 solio

194 4145 549 4269 ιακνι
574 4147 980 4271 elnonenses
997 4149 1055 4272 ιι·
1071 4147 1302 4270 «τινα

196 4286 368 4358 baptizatum.
391 4235 431 4340 piel
455 4283 592 4341 coucilinu
616 4285 735 4358 symbolo
752 4285 853 4341 ediecit
867 4235 1013 4343 δοαιέἰίιέιδι
1030 4259 1064 4344 δε
1079 4236 1176 4359 ἐχδίτίιιι
1193 4296 1303 4351 saucto3
