3025 4784
380 279 681 350 msuoulanutu
710 282 1006 352 COMPENDIUM.
1199 282 1249 354 65

134 451 245 530 νεικίας
264 459 376 537 ψυχῆς
398 449 547 530 πολλάκις
565 463 657 536 μῖσος
677 455 822 540 ἐγείρεται
827 502 839 534 ,
866 455 900 520 ἐκ
913 461 970 521 τοῦ
982 455 1093 537 μίσους
1104 454 1139 521 δέ
1151 451 1251 540 ἐριδος

136 556 340 640 ἀνισταμένης
364 559 427 640 καίΙ
440 559 664 642 κρατυνομίνης
689 560 779 642 ζῆλος
799 542 913 643 ἐγίνετο
935 556 1061 645 πικράς,
1082 559 1116 633 ἐν
1139 560 1173 624 δέ
1194 565 1250 625 τοῦ

137 659 259 748 φθόνος
274 661 426 743 ἐνίσκηψε
440 659 572 747 κρυπτίς
578 709 589 741 ,
615 661 648 726 ἐκ
662 663 696 726 δέ
709 669 765 728 τοῦ
779 658 796 728 5
810 661 916 744 θυμὸς
929 661 1060 746 ἀνῆπται
1076 659 1189 741 δεινάς,
1216 663 1249 728 ἐκ

137 769 193 828 τοῦ
211 769 320 846 θυμοῦ
335 764 370 828 δέ
383 761 522 840 θάνατος
545 763 708 831 ἀνακόπτει
726 764 877 853 πονηρός,
903 767 931 830 εί
951 765 996 850 μὴ
1018 768 1167 854 κρείττοσι
1190 768 1248 851 δη-

113 863 239 932 ὅλονδτι
255 869 413 952 προνοίαις
430 864 639 934 άνακίπτοιτο.

239 967 291 1033 Ἐν
305 977 351 1057 τῷ
365 976 525 1057 πραθῆναι
540 971 593 1035 τὸν
604 967 721 1057 Ἰωσὴφ
735 969 769 1034 ἐν
784 966 936 1058 Αἰγύπτῳ
950 971 1101 1057 Πετεφρῇ
1115 967 1248 1058 εὖνοάχῳ

137 1078 184 1160 τῷ
198 1071 405 1160 ἆρχιμαχείρῳ
425 1070 556 1158 Φαραά,
575 1076 626 1138 καί
638 1075 670 1140 ἐν
684 1075 882 1162 δεσμωτηρίῳ
894 1075 1117 1158 ε’χκλεισθῆναι,
1136 1076 1256 1157 σονέβηλ

135 1175 192 1241 τδν
212 1175 438 1259 ιλρχισιτοποιδν
457 1180 507 1241 καὶ
522 1177 576 1242 τδν
591 1169 817 1264 διρχίοινοχάον)
838 1175 911 1252 τοδς
933 1173 1095 1257 εὔνοάχους
1117 1173 1249 1263 Φαραώ,

138 1281 351 1363 ἐχαλεισθῆναι
368 1279 400 1343 ἐν
414 1286 458 1368 τῷ
474 1279 557 1367 αὐτῷ
572 1281 771 1366 δεσμωτηρίῳ
786 1277 866 1344 ἔνθα
880 1281 932 1343 καλ
943 1277 1076 1366 Ἰωσήφ.
1126 1276 1250 1362 ἡμερῶν

97 1383 176 1447 10δέ
191 1384 382 1448 διελθουσῶν
396 1381 565 1470 ἀμφότεροι
581 1379 661 1448 εἶδον
675 1380 810 1449 ἐνύπνια.
863 1377 880 1446 5
893 1383 949 1466 μὲν
963 1380 1172 1470 ἀρχιοινοχόος
1184 1381 1248 1465 άμ-
1263 1395 1290 1450 Ι)

139 1489 232 1550 πελον
255 1482 314 1550 εἶδε
338 1483 520 1550 θάλλουσαν
531 1492 679 1568 βλαστοῖς
695 1488 747 1550 καλ
764 1486 925 1571 πεπείρους
939 1483 1076 1572 βότρυος
1088 1492 1250 1572 σταφυλῆς

137 1585 394 1672 προβάλλουσαν,
419 1599 501 1675 τρεῖς
523 1590 557 1654 δέ
579 1585 694 1674 ταάτην
713 1585 887 1671 άπέχουσαν
907 1586 1049 1655 κάτωθεν
1073 1590 1247 1671 πυθμίνας.

132 1687 219 1776 “tyri
246 1690 302 1754 δί’
331 1693 425 1778 φησίν
445 1688 556 1779 “ᾤμην
572 1697 617 1780 τῷ
631 1693 767 1782 ποτηρίῳ
782 1692 840 1774 τὴν
857 1691 1019 1779 σταφυλὴν
1036 1692 1189 1773 ἐκθλίβων
1207 1695 1251 1770 είς

136 1793 196 1877 τὴν
208 1803 300 1880 χεῖρα
316 1791 435 1859 διδόναι
454 1794 608 1882 wopau?
662 1798 713 1861 καλ
736 1792 752 1859 5
771 1793 894 1883 Ἰωσὴφ
907 1794 982 1872 τοδς
993 1804 1074 1882 τρεῖς
1087 1796 1250 1878 πυθμένας

97 1908 132 1963 15
139 1895 184 1962 ἔτι
207 1909 289 1983 τρεῖς
307 1893 425 1984 ἡμέρας
441 1897 569 1964 ἔσεσθαι
586 1901 678 1985 φησί,
705 1901 756 1963 καλ
773 1903 830 1981 τῆς
846 1897 944 1984 ἀρχῆς
957 1923 1015 1963 σου
1031 1895 1218 1980 μεμνήσεται
1233 1894 1250 1963 5

139 1997 263 2086 Φαραώ
269 2047 280 2080 ,
305 2003 356 2064 καί
381 2000 626 2086 ἀποκαταστήσει
647 2027 681 2068 σε
707 2003 751 2078 είς
771 2001 827 2083 τὴν
848 2002 1000 2086 προτίραν
1016 1998 1252 2084 άρχιοινοχοῖαν.

138 2102 221 2167 ἀλλὰ
239 2100 396 2187 μνήσθητι
421 2104 521 2186 κάμοῦ
530 2152 540 2183 ,
567 2103 641 2172 ὅταν
661 2097 694 2171 εὖ
711 2129 761 2172 σοι
777 2103 914 2188 γίνηται,
940 2103 987 2170 ὅτι
1002 2099 1104 2187 μάτην
1121 2106 1251 2188 διαβλη-

137 2207 210 2282 θεὶς
220 2213 267 2294 τῷ
281 2205 458 2293 ὀχυρώματι
472 2205 570 2296 τούτῳ
585 2210 814 2294 κατακίκριμαι.
866 2207 914 2270 ἐπὶ
929 2204 1049 2282 τοάτοις
1062 2208 1113 2270 καλ
1130 2203 1146 2271 5
1162 2207 1252 2293 ἀρχι-

80 2377 87 2392 ,
139 2309 298 2386 σιτοποιὸς
320 2309 379 2398 ἔφη
398 2307 492 2397 “τρία
514 2317 594 2376 κανᾶ
609 2314 782 2396 χονδριτῶν
801 2316 973 2388 oronnae,
999 2312 1031 2387 ἐξ
1052 2299 1096 2374 ὧν
1116 2307 1212 2398 ἐρχων
1230 2306 1248 2376 5
1265 2329 1289 2384 Ρ
1305 2331 1341 2385 31

95 2413 287 2494 ωβασιλεδς
300 2414 415 2492 ἐσθίει,
443 2416 489 2477 ἐπὶ
506 2421 561 2496 τῆς
573 2420 708 2502 κεφαλῆς
719 2439 782 2496 μου
796 2411 873 2495 ἐχειν
886 2409 1118 2495 ὑπελάμβανον·
1145 2416 1197 2477 καί
1213 2413 1253 2478 τδι

139 2515 261 2580 πετεινά
284 2521 341 2580 τοῦ
363 2517 496 2602 οὐρανοῦ
521 2515 643 2582 ἐπιόντα
665 2515 833 2601 κατήσθιεν
858 2514 972 2580 uitri?
1025 2517 1077 2581 ιιαλ
1094 2512 1112 2579 5
1128 2513 1251 2602 Ἰωσήφ

133 2615 203 2682 “ἐ’τι
219 2627 301 2704 τρεῖς
309 2613 450 2706 Ιἦμίραι”
479 2618 537 2706 ἐφη
544 2668 555 2699 ,
576 2615 651 2685 “xul
665 2620 822 2708 ἀφελεῖται
841 2618 961 2705 Φαραὼ
973 2618 1030 2701 τὴν
1043 2615 1180 2704 κεφαλήν
1193 2643 1252 2685 σου

137 2719 201 2787 ἀπό
216 2747 287 2800 σου,
302 2725 353 2786 καὶ
367 2724 414 2787 ἐπὶ
429 2719 519 2801 ’ξάλον
533 2719 722 2812 κρεμάμενον
735 2721 776 2790 τά
790 2719 881 2810 ὄρνεά
894 2745 929 2788 σε
943 2718 1251 2804 ιιαταθοινήσονται.30

138 2919 256 2974 studium
281 2917 459 2974 contendendi
481 2917 603 2989 exiguum
629 2937 710 2991 saepe
732 2919 794 2974 odio
812 2917 976 2973 occasionem
997 2919 1124 2988 praehet;
1148 2934 1183 2972 ex
1199 2931 1253 2987 quo

138 3001 198 3043 orta
216 2987 278 3041 rixa
295 2996 324 3042 ct
339 2988 518 3046 invalescente
534 2992 630 3046 acerbe
647 2989 753 3044 exsistit
770 2987 919 3043 aemulatio.
955 2989 1023 3040 hunc
1040 2987 1143 3042 occulta
1157 2988 1254 3041 subsc·

137 3060 231 3128 quitur
253 3057 371 3123 inridie3
397 3067 425 3111 et
442 3076 474 3111 ex
491 3058 541 3112 hac
558 3077 660 3113 rursum
679 3058 760 3111 animi
776 3058 926 3112 exardescit
942 3057 1011 3110 ocris
1027 3057 1086 3126 ira,
1111 3073 1179 3126 quae
1203 3056 1252 3109 ho-

138 3127 255 3180 micidiis
280 3127 367 3180 foedis
391 3143 497 3180 causam
514 3129 638 3198 exhibet,
664 3128 716 3183 nisi
734 3127 937 3199 praestantioris
956 3125 1077 3179 nimirum
1095 3127 1255 3197 prudentiae

136 3195 259 3250 consiliis
274 3213 308 3249 ea
324 3205 488 3252 avertantur.

211 3267 279 3318 Cum
302 3265 330 3317 in
354 3259 505 3335 Aegyptum
530 3265 654 3320 venditus
675 3264 808 3335 Iosephus
831 3261 971 3332 Potiphari
992 3261 1085 3329 regiae
1106 3259 1253 3314 Pharaonis

137 3333 245 3389 culinae
269 3335 405 3406 praefecto
430 3336 549 3388 eunucho
575 3343 646 3389 essct
670 3343 750 3404 atque
764 3335 794 3386 in
810 3349 942 3386 carcerem
960 3331 1089 3397 traditus,
1112 3330 1203 3382 evenit
1224 3337 1255 3383 ut

137 3405 270 3476 pistorum
286 3419 392 3472 quoque
410 3413 438 3458 et
454 3404 637 3474 pincernarum
653 3403 801 3458 Pharaonis
817 3403 954 3472 principes
968 3399 1081 3452 eunuchi
1099 3397 1127 3451 in
1144 3398 1256 3452 eundern

137 3491 273 3526 carcerem
300 3473 529 3534 concluderentur.
572 3473 635 3526 inde
663 3473 765 3544 aliquot
788 3472 886 3541 elapsis
908 3469 1003 3522 diebus
1026 3478 1138 3537 uterque
1160 3467 1254 3522 horum

136 3543 298 3596 inrumnium
314 3541 416 3596 habuit.
450 3543 575 3614 princeps
594 3543 778 3612 pincernarum
800 3540 904 3594 rettulit
922 3539 1006 3591 risam
1029 3537 1082 3592 sibi
1105 3538 1255 3590 insomnis

136 3613 224 3665 inisse
240 3611 323 3665 vitem
340 3611 441 3680 laetam,
458 3611 610 3682 palmitibus
627 3621 795 3680 maturaeque
811 3627 877 3663 uras
894 3607 1091 3678 porrigentem,
1116 3613 1197 3676 atquo
1210 3607 1254 3658 in-

138 3683 217 3734 ierne
234 3681 322 3734 trihus
337 3681 475 3735 subnixam
494 3679 660 3751 palmitibus,
686 3699 716 3734 ee
733 3697 799 3734 vero
817 3695 893 3731 uvam
911 3677 940 3729 in
958 3675 1078 3748 poculum
1095 3675 1254 3744 exprimere,

137 3751 166 3804 id
188 3768 222 3803 uc
244 3749 378 3802 Pharaoni
401 3750 429 3803 in
453 3767 555 3804 manum
575 3750 649 3804 dare.
684 3759 739 3804 tum
755 3747 886 3818 Iosephus
902 3745 1095 3816 interpretatus
1113 3751 1154 3798 est
1169 3745 1256 3798 tribus

138 3769 294 3891 palmitibus
318 3819 433 3873 triduum
456 3819 617 3890 significarir
641 3837 674 3873 eu
694 3825 788 3874 exacto
809 3815 942 3870 Pharaoni
960 3814 1134 3868 ministerium
1151 3813 1209 3867 eius
1226 3813 1257 3868 in

138 3888 292 3943 memoriam
308 3889 472 3958 rediturum,
496 3889 635 3958 ipsumque
652 3905 668 3942 e
688 3905 752 3958 rege
768 3888 797 3939 in
833 3887 952 3939 ristinnm
971 3883 1127 3953 dignitatem
1144 3883 1257 3936 restitn-

137 3969 194 4012 tum
213 3959 258 4010 iri.
296 3958 428 4040 petiitque
452 3966 482 4011 ut
503 3960 584 4011 rebus
602 3973 664 4028 pros
700 3957 739 4011 ris
757 3903 877 4010 redriitns
894 3954 937 4008 sui
954 3970 1003 4023 per
1023 3951 1177 4038 calumniam
1195 3967 1256 4004 car·

137 4028 196 4082 ceri
219 4026 317 4080 inclusi
340 4035 469 4081 rabonem
493 4027 614 4080 haberet.
678 4027 757 4080 cinde
780 4024 908 4093 magister
930 4023 1059 4092 pistorum
1097 4030 1258 4087 imaginatus

136 4091 217 4220 ui
233 4090 485 4219 inuuunt
500 4095 1261 4226 uitiauit·‚recumbente

138 4247 219 4304 etque
235 4249 284 4287 eos
304 4185 463 4288 aaronita?
486 4185 635 4304 'relpondit
651 4233 782 4304 Iosephus
799 4234 860 4286 iore
876 4238 906 4284 ut
928 4238 990 4301 post
1004 4238 1060 4282 tres
1077 4227 1136 4280 dies
1156 4224 1260 4280 Pharao

139 4321 199 4358 eun
224 4302 317 4374 capite
342 4303 475 4356 nullatum
498 4301 526 4356 in
550 4319 653 4359 crucem
672 4312 750 4374 aget,
778 4301 825 4358 ubi
843 4299 996 4354 volucribus
1013 4313 1076 4352 esce
1092 4297 1129 4351 sit
1145 4297 1260 4350 iuturus.

184 4385 285 4453 Gccrg.
312 4382 443 4437 cedrenus
465 4390 524 4438 tom.
549 4383 571 4439 Ι.
1030 4370 1049 4433 5
