<?xml version="1.0" encoding="UTF-8"?>
<!DOCTYPE html PUBLIC "-//W3C//DTD XHTML 1.0 Transitional//EN"
    "http://www.w3.org/TR/xhtml1/DTD/xhtml1-transitional.dtd">
<html xmlns="http://www.w3.org/1999/xhtml" xml:lang="en" lang="en">
 <head>
  <title>
</title>
<meta http-equiv="Content-Type" content="text/html;charset=utf-8" />
  <meta name='ocr-system' content='tesseract 3.04.00' />
  <meta name='ocr-capabilities' content='ocr_page ocr_carea ocr_par ocr_line ocrx_word'/>
</head>
<body>
  <div class='ocr_page' id='page_1' title='image "./corpusscriptoru50theogoog/corpusscriptoru50theogoog_0033.png"; bbox 0 0 3025 4784; ppageno 0'>
   <div class='ocr_carea' id='block_1_1' title="bbox 217 195 962 312">
    <p class='ocr_par' dir='ltr' id='par_1_1' title="bbox 217 195 962 312">
     <span class='ocr_line' id='line_1_1' title="bbox 217 195 962 312; baseline -0.012 -28"><span class='ocrx_word' id='word_1_1' title='bbox 217 213 241 284; x_wconf 82' lang='lat' dir='ltr'><strong>s</strong></span> <span class='ocrx_word' id='word_1_2' title='bbox 281 195 285 206; x_wconf 90' lang='lat'>&#39;</span> <span class='ocrx_word' id='word_1_3' title='bbox 358 308 359 312; x_wconf 8' lang='grc' dir='ltr'><strong><em>ρ</em></strong></span> <span class='ocrx_word' id='word_1_4' title='bbox 574 205 754 281; x_wconf 73' lang='grc' dir='ltr'><strong><em>οεοτοο</em></strong></span> <span class='ocrx_word' id='word_1_5' title='bbox 777 204 962 276; x_wconf 75' lang='lat' dir='ltr'><strong>cunum</strong></span> 
     </span>
    </p>
   </div>
   <div class='ocr_carea' id='block_1_2' title="bbox 154 374 1368 2734">
    <p class='ocr_par' dir='ltr' id='par_1_2' title="bbox 154 374 1368 2734">
     <span class='ocr_line' id='line_1_2' title="bbox 217 374 1314 476; baseline -0.008 -22"><span class='ocrx_word' id='word_1_6' title='bbox 217 389 262 476; x_wconf 78' lang='grc' dir='ltr'><strong><em>τῷ</em></strong></span> <span class='ocrx_word' id='word_1_7' title='bbox 273 381 403 474; x_wconf 81' lang='grc' dir='ltr'><strong><em>δευτίρῳ</em></strong></span> <span class='ocrx_word' id='word_1_8' title='bbox 417 381 453 450; x_wconf 79' lang='grc' dir='ltr'><strong><em>δέ</em></strong></span> <span class='ocrx_word' id='word_1_9' title='bbox 465 379 649 471; x_wconf 81' lang='grc' dir='ltr'><strong><em>νυχθημίριρ</em></strong></span> <span class='ocrx_word' id='word_1_10' title='bbox 661 381 775 468; x_wconf 79' lang='grc' dir='ltr'><strong><em>ἐγίνετο</em></strong></span> <span class='ocrx_word' id='word_1_11' title='bbox 788 379 960 467; x_wconf 84' lang='grc' dir='ltr'><strong><em>στερίωμα,</em></strong></span> <span class='ocrx_word' id='word_1_12' title='bbox 980 376 1069 470; x_wconf 66' lang='grc' dir='ltr'><strong><em>ἔργον</em></strong></span> <span class='ocrx_word' id='word_1_13' title='bbox 1081 376 1122 448; x_wconf 74' lang='grc' dir='ltr'><strong><em>ἐν.</em></strong></span> <span class='ocrx_word' id='word_1_14' title='bbox 1156 374 1314 468; x_wconf 81' lang='grc' dir='ltr'><strong><em>ατερέωμα</em></strong></span> 
     </span>
     <span class='ocr_line' id='line_1_3' title="bbox 218 481 1315 574; baseline -0.005 -19"><span class='ocrx_word' id='word_1_15' title='bbox 218 492 253 556; x_wconf 73' lang='grc' dir='ltr'><strong><em>δὲ</em></strong></span> <span class='ocrx_word' id='word_1_16' title='bbox 272 486 389 572; x_wconf 90' lang='grc' dir='ltr'><strong><em>ἐκλήθη</em></strong></span> <span class='ocrx_word' id='word_1_17' title='bbox 409 485 445 553; x_wconf 85' lang='grc' dir='ltr'><strong><em>τδ</em></strong></span> <span class='ocrx_word' id='word_1_18' title='bbox 466 484 680 574; x_wconf 76' lang='grc' dir='ltr'><strong><em>δημιούργημα</em></strong></span> <span class='ocrx_word' id='word_1_19' title='bbox 694 485 748 550; x_wconf 78' lang='grc' dir='ltr'><strong><em>διὰ</em></strong></span> <span class='ocrx_word' id='word_1_20' title='bbox 763 484 799 550; x_wconf 88' lang='grc' dir='ltr'><strong><em>τδ</em></strong></span> <span class='ocrx_word' id='word_1_21' title='bbox 813 484 869 570; x_wconf 82' lang='grc' dir='ltr'><strong><em>τήν</em></strong></span> <span class='ocrx_word' id='word_1_22' title='bbox 883 483 976 573; x_wconf 87' lang='grc' dir='ltr'><strong><em>φύσιν</em></strong></span> <span class='ocrx_word' id='word_1_23' title='bbox 990 491 1051 550; x_wconf 80' lang='grc' dir='ltr'><strong><em>τῶν</em></strong></span> <span class='ocrx_word' id='word_1_24' title='bbox 1063 481 1315 571; x_wconf 80' lang='grc' dir='ltr'><strong><em>ύπερκειμένωνῆ</em></strong></span> 
     </span>
     <span class='ocr_line' id='line_1_4' title="bbox 217 584 1316 676; baseline -0.005 -19"><span class='ocrx_word' id='word_1_25' title='bbox 217 589 421 674; x_wconf 72' lang='grc' dir='ltr'><strong><em>ἀποκειμένων</em></strong></span> <span class='ocrx_word' id='word_1_26' title='bbox 433 589 545 672; x_wconf 80' lang='grc' dir='ltr'><strong><em>λειιτήν</em></strong></span> <span class='ocrx_word' id='word_1_27' title='bbox 558 587 632 672; x_wconf 75' lang='grc' dir='ltr'><strong><em>εἶναι</em></strong></span> <span class='ocrx_word' id='word_1_28' title='bbox 649 591 700 654; x_wconf 79' lang='grc' dir='ltr'><strong><em>καί</em></strong></span> <span class='ocrx_word' id='word_1_29' title='bbox 717 584 846 676; x_wconf 89' lang='grc' dir='ltr'><strong><em>ἀραιόν,</em></strong></span> <span class='ocrx_word' id='word_1_30' title='bbox 872 586 1001 676; x_wconf 83' lang='grc' dir='ltr'><strong><em>ούρανδς</em></strong></span> <span class='ocrx_word' id='word_1_31' title='bbox 1012 589 1046 653; x_wconf 83' lang='grc' dir='ltr'><strong><em>δέ</em></strong></span> <span class='ocrx_word' id='word_1_32' title='bbox 1061 589 1113 654; x_wconf 86' lang='grc' dir='ltr'><strong><em>διά</em></strong></span> <span class='ocrx_word' id='word_1_33' title='bbox 1124 585 1161 652; x_wconf 89' lang='grc' dir='ltr'><strong><em>τδ</em></strong></span> <span class='ocrx_word' id='word_1_34' title='bbox 1174 592 1316 671; x_wconf 80' lang='grc' dir='ltr'><strong><em>καθορᾶ·</em></strong></span> 
     </span>
     <span class='ocr_line' id='line_1_5' title="bbox 218 688 1316 782; baseline -0.007 -21"><span class='ocrx_word' id='word_1_35' title='bbox 218 701 298 762; x_wconf 91' lang='grc' dir='ltr'><strong><em>σθαι</em></strong></span> <span class='ocrx_word' id='word_1_36' title='bbox 322 691 438 782; x_wconf 75' lang='grc' dir='ltr'><strong><em>τρόπον</em></strong></span> <span class='ocrx_word' id='word_1_37' title='bbox 457 693 588 780; x_wconf 86' lang='grc' dir='ltr'><strong><em>δίρρεως</em></strong></span> <span class='ocrx_word' id='word_1_38' title='bbox 609 689 685 780; x_wconf 81' lang='grc' dir='ltr'><strong><em>ύπέρ</em></strong></span> <span class='ocrx_word' id='word_1_39' title='bbox 709 696 846 779; x_wconf 77' lang='grc' dir='ltr'><strong><em>κεφαλῆς</em></strong></span> <span class='ocrx_word' id='word_1_40' title='bbox 862 688 1057 776; x_wconf 67' lang='grc' dir='ltr'><strong><em>’ήπλωμίνος</em></strong></span> <span class='ocrx_word' id='word_1_41' title='bbox 1108 692 1140 758; x_wconf 90' lang='grc' dir='ltr'><strong><em>ἐν</em></strong></span> <span class='ocrx_word' id='word_1_42' title='bbox 1158 696 1203 780; x_wconf 82' lang='grc' dir='ltr'><strong><em>τῷ</em></strong></span> <span class='ocrx_word' id='word_1_43' title='bbox 1223 692 1316 778; x_wconf 84' lang='grc' dir='ltr'><strong><em>τρίτῳ</em></strong></span> 
     </span>
     <span class='ocr_line' id='line_1_6' title="bbox 218 791 1341 885; baseline -0.002 -21"><span class='ocrx_word' id='word_1_44' title='bbox 218 798 406 885; x_wconf 80' lang='grc' dir='ltr'><strong><em>νυχθημέρῳ</em></strong></span> <span class='ocrx_word' id='word_1_45' title='bbox 420 797 592 884; x_wconf 74' lang='grc' dir='ltr'><strong><em>φανέρωσις</em></strong></span> <span class='ocrx_word' id='word_1_46' title='bbox 603 801 658 882; x_wconf 79' lang='grc' dir='ltr'><strong><em>γῆς</em></strong></span> <span class='ocrx_word' id='word_1_47' title='bbox 670 795 722 860; x_wconf 78' lang='grc' dir='ltr'><strong><em>καὶ</em></strong></span> <span class='ocrx_word' id='word_1_48' title='bbox 736 793 955 881; x_wconf 79' lang='grc' dir='ltr'><strong><em>ἀναξήρονσις,</em></strong></span> <span class='ocrx_word' id='word_1_49' title='bbox 979 791 1182 883; x_wconf 72' lang='grc' dir='ltr'><strong><em>παράδεισος,</em></strong></span> <span class='ocrx_word' id='word_1_50' title='bbox 1203 795 1341 880; x_wconf 67' lang='grc' dir='ltr'><strong><em>δίνδραά</em></strong></span> 
     </span>
     <span class='ocr_line' id='line_1_7' title="bbox 218 895 1316 992; baseline -0.004 -28"><span class='ocrx_word' id='word_1_51' title='bbox 218 909 365 978; x_wconf 78' lang='grc' dir='ltr'><strong><em>παντοῖα,</em></strong></span> <span class='ocrx_word' id='word_1_52' title='bbox 389 895 519 982; x_wconf 78' lang='grc' dir='ltr'><strong><em>βοτάναι</em></strong></span> <span class='ocrx_word' id='word_1_53' title='bbox 535 902 585 964; x_wconf 76' lang='grc' dir='ltr'><strong><em>καὶ</em></strong></span> <span class='ocrx_word' id='word_1_54' title='bbox 602 899 781 992; x_wconf 72' lang='grc' dir='ltr'><strong><em>σπέρματα,</em></strong></span> <span class='ocrx_word' id='word_1_55' title='bbox 806 896 880 984; x_wconf 69' lang='grc' dir='ltr'><strong><em>ἔργα</em></strong></span> <span class='ocrx_word' id='word_1_56' title='bbox 895 899 1040 987; x_wconf 84' lang='grc' dir='ltr'><strong><em>τίσσαρα.</em></strong></span> <span class='ocrx_word' id='word_1_57' title='bbox 1090 897 1169 986; x_wconf 83' lang='grc' dir='ltr'><strong><em>ξηρδ</em></strong></span> <span class='ocrx_word' id='word_1_58' title='bbox 1192 897 1227 962; x_wconf 82' lang='grc' dir='ltr'><strong><em>δέ</em></strong></span> <span class='ocrx_word' id='word_1_59' title='bbox 1247 897 1316 963; x_wconf 86' lang='grc' dir='ltr'><strong><em>ἐπε-</em></strong></span> 
     </span>
     <span class='ocr_line' id='line_1_8' title="bbox 219 996 1317 1089; baseline -0.006 -20"><span class='ocrx_word' id='word_1_60' title='bbox 219 998 323 1086; x_wconf 80' lang='grc' dir='ltr'><strong><em>κλήθη</em></strong></span> <span class='ocrx_word' id='word_1_61' title='bbox 336 998 358 1085; x_wconf 64' lang='lat' dir='ltr'><strong><em>i]</em></strong></span> <span class='ocrx_word' id='word_1_62' title='bbox 370 1006 420 1088; x_wconf 84' lang='grc' dir='ltr'><strong><em>γῆ,</em></strong></span> <span class='ocrx_word' id='word_1_63' title='bbox 437 1001 540 1085; x_wconf 86' lang='grc' dir='ltr'><strong><em>ἐπειδή</em></strong></span> <span class='ocrx_word' id='word_1_64' title='bbox 552 1003 602 1066; x_wconf 78' lang='grc' dir='ltr'><strong><em>καὶ</em></strong></span> <span class='ocrx_word' id='word_1_65' title='bbox 616 1001 694 1068; x_wconf 73' lang='grc' dir='ltr'><strong><em>ἀίδιον</em></strong></span> <span class='ocrx_word' id='word_1_66' title='bbox 707 1003 804 1086; x_wconf 75' lang='grc' dir='ltr'><strong><em>αὐτῆς</em></strong></span> <span class='ocrx_word' id='word_1_67' title='bbox 815 1002 879 1068; x_wconf 80' lang='grc' dir='ltr'><strong><em>ἐστί</em></strong></span> <span class='ocrx_word' id='word_1_68' title='bbox 891 1000 968 1067; x_wconf 85' lang='grc' dir='ltr'><strong><em>κατὰ</em></strong></span> <span class='ocrx_word' id='word_1_69' title='bbox 982 997 1075 1089; x_wconf 90' lang='grc' dir='ltr'><strong><em>φύσιν</em></strong></span> <span class='ocrx_word' id='word_1_70' title='bbox 1086 999 1122 1066; x_wconf 90' lang='grc' dir='ltr'><strong><em>τδ</em></strong></span> <span class='ocrx_word' id='word_1_71' title='bbox 1135 996 1317 1089; x_wconf 85' lang='grc' dir='ltr'><strong><em>πρόσρημα·</em></strong></span> 
     </span>
     <span class='ocr_line' id='line_1_9' title="bbox 219 1101 1319 1193; baseline -0.005 -21"><span class='ocrx_word' id='word_1_72' title='bbox 219 1106 257 1173; x_wconf 85' lang='grc' dir='ltr'><strong><em>τδ</em></strong></span> <span class='ocrx_word' id='word_1_73' title='bbox 272 1105 332 1193; x_wconf 84' lang='grc' dir='ltr'><strong><em>γδρ</em></strong></span> <span class='ocrx_word' id='word_1_74' title='bbox 349 1105 460 1192; x_wconf 89' lang='grc' dir='ltr'><strong><em>κυρίως</em></strong></span> <span class='ocrx_word' id='word_1_75' title='bbox 477 1103 570 1190; x_wconf 84' lang='grc' dir='ltr'><strong><em>ξηρόν</em></strong></span> <span class='ocrx_word' id='word_1_76' title='bbox 585 1109 625 1188; x_wconf 86' lang='grc' dir='ltr'><strong><em>γῆ</em></strong></span> <span class='ocrx_word' id='word_1_77' title='bbox 640 1104 730 1170; x_wconf 80' lang='grc' dir='ltr'><strong><em>ἐστίν.</em></strong></span> <span class='ocrx_word' id='word_1_78' title='bbox 777 1104 884 1189; x_wconf 49' lang='grc' dir='ltr'><strong><em>’ἐπειδή</em></strong></span> <span class='ocrx_word' id='word_1_79' title='bbox 907 1101 1009 1192; x_wconf 82' lang='grc' dir='ltr'><strong><em>ὥσπερ</em></strong></span> <span class='ocrx_word' id='word_1_80' title='bbox 1025 1129 1055 1170; x_wconf 85' lang='grc' dir='ltr'><strong><em>τι</em></strong></span> <span class='ocrx_word' id='word_1_81' title='bbox 1070 1101 1170 1190; x_wconf 80' lang='grc' dir='ltr'><strong><em>βάρος</em></strong></span> <span class='ocrx_word' id='word_1_82' title='bbox 1185 1102 1319 1168; x_wconf 75' lang='grc' dir='ltr'><strong><em>ἀπέθετο</em></strong></span> 
     </span>
     <span class='ocr_line' id='line_1_10' title="bbox 182 1188 1334 1295; baseline -0.003 -19"><span class='ocrx_word' id='word_1_83' title='bbox 182 1219 208 1276; x_wconf 85' lang='lat' dir='ltr'>D</span> <span class='ocrx_word' id='word_1_84' title='bbox 222 1208 265 1276; x_wconf 84' lang='grc' dir='ltr'><strong><em>τδ</em></strong></span> <span class='ocrx_word' id='word_1_85' title='bbox 278 1210 446 1290; x_wconf 73' lang='grc' dir='ltr'><strong><em>ἐπικείμενα</em></strong></span> <span class='ocrx_word' id='word_1_86' title='bbox 458 1203 537 1294; x_wconf 74' lang='grc' dir='ltr'><strong><em>αὐτῇ</em></strong></span> <span class='ocrx_word' id='word_1_87' title='bbox 547 1201 664 1286; x_wconf 82' lang='grc' dir='ltr'><strong><em>ύδατα,</em></strong></span> <span class='ocrx_word' id='word_1_88' title='bbox 689 1205 795 1272; x_wconf 87' lang='grc' dir='ltr'><strong><em>λοιπδν</em></strong></span> <span class='ocrx_word' id='word_1_89' title='bbox 804 1205 1201 1295; x_wconf 71' lang='grc' dir='ltr'><strong><em>βλαστάνεινμροσετόχθη.</em></strong></span> <span class='ocrx_word' id='word_1_90' title='bbox 1251 1188 1334 1290; x_wconf 69' lang='grc' dir='ltr'><strong><em>εμυἰ</em></strong></span> 
     </span>
     <span class='ocr_line' id='line_1_11' title="bbox 217 1307 1362 1397; baseline -0.001 -21"><span class='ocrx_word' id='word_1_91' title='bbox 217 1309 279 1397; x_wconf 82' lang='grc' dir='ltr'><strong><em>χήν</em></strong></span> <span class='ocrx_word' id='word_1_92' title='bbox 294 1311 328 1376; x_wconf 81' lang='grc' dir='ltr'><strong><em>δέ</em></strong></span> <span class='ocrx_word' id='word_1_93' title='bbox 343 1313 444 1390; x_wconf 80' lang='grc' dir='ltr'><strong><em>ζῶσαι</em></strong></span> <span class='ocrx_word' id='word_1_94' title='bbox 459 1310 613 1396; x_wconf 72' lang='grc' dir='ltr'><strong><em>ἐξαγαγεῖν</em></strong></span> <span class='ocrx_word' id='word_1_95' title='bbox 628 1307 809 1395; x_wconf 86' lang='grc' dir='ltr'><strong><em>ἐκελεύσθη,</em></strong></span> <span class='ocrx_word' id='word_1_96' title='bbox 830 1309 876 1375; x_wconf 69' lang='grc' dir='ltr'><strong><em>ἵν’</em></strong></span> <span class='ocrx_word' id='word_1_97' title='bbox 895 1312 929 1376; x_wconf 84' lang='grc' dir='ltr'><strong><em>ἐκ</em></strong></span> <span class='ocrx_word' id='word_1_98' title='bbox 941 1307 1051 1376; x_wconf 88' lang='grc' dir='ltr'><strong><em>τούτου</em></strong></span> <span class='ocrx_word' id='word_1_99' title='bbox 1067 1308 1247 1396; x_wconf 88' lang='grc' dir='ltr'><strong><em>γινιύσκηται</em></strong></span> <span class='ocrx_word' id='word_1_100' title='bbox 1263 1313 1319 1390; x_wconf 83' lang='grc' dir='ltr'><strong><em>τῆς</em></strong></span> <span class='ocrx_word' id='word_1_101' title='bbox 1327 1319 1362 1375; x_wconf 83' lang='grc'><strong><em>10</em></strong></span> 
     </span>
     <span class='ocr_line' id='line_1_12' title="bbox 166 1407 1318 1502; baseline 0.001 -28"><span class='ocrx_word' id='word_1_102' title='bbox 166 1464 177 1474; x_wconf 75' lang='grc'><strong><em>.,</em></strong></span> <span class='ocrx_word' id='word_1_103' title='bbox 220 1439 255 1481; x_wconf 89' lang='grc' dir='ltr'><strong><em>τε</em></strong></span> <span class='ocrx_word' id='word_1_104' title='bbox 268 1409 381 1497; x_wconf 85' lang='grc' dir='ltr'><strong><em>ἀλόγου</em></strong></span> <span class='ocrx_word' id='word_1_105' title='bbox 392 1417 497 1496; x_wconf 80' lang='grc' dir='ltr'><strong><em>ψυχῆς</em></strong></span> <span class='ocrx_word' id='word_1_106' title='bbox 509 1409 530 1498; x_wconf 90' lang='grc' dir='ltr'><strong><em>ή</em></strong></span> <span class='ocrx_word' id='word_1_107' title='bbox 544 1413 679 1502; x_wconf 79' lang='grc' dir='ltr'><strong><em>διαφορὰ</em></strong></span> <span class='ocrx_word' id='word_1_108' title='bbox 694 1414 745 1478; x_wconf 84' lang='grc' dir='ltr'><strong><em>καί</em></strong></span> <span class='ocrx_word' id='word_1_109' title='bbox 759 1420 814 1497; x_wconf 80' lang='grc' dir='ltr'><strong><em>τῆς</em></strong></span> <span class='ocrx_word' id='word_1_110' title='bbox 825 1413 1036 1500; x_wconf 81' lang='grc' dir='ltr'><strong><em>ἀνθρωπείας·</em></strong></span> <span class='ocrx_word' id='word_1_111' title='bbox 1057 1414 1090 1479; x_wconf 86' lang='grc' dir='ltr'><strong><em>ἐκ</em></strong></span> <span class='ocrx_word' id='word_1_112' title='bbox 1100 1413 1160 1498; x_wconf 88' lang='grc' dir='ltr'><strong><em>γάρ</em></strong></span> <span class='ocrx_word' id='word_1_113' title='bbox 1172 1419 1228 1496; x_wconf 79' lang='grc' dir='ltr'><strong><em>γῆς</em></strong></span> <span class='ocrx_word' id='word_1_114' title='bbox 1239 1407 1318 1497; x_wconf 86' lang='grc' dir='ltr'><strong><em>ἐφύη</em></strong></span> 
     </span>
     <span class='ocr_line' id='line_1_13' title="bbox 221 1508 1321 1604; baseline -0.005 -20"><span class='ocrx_word' id='word_1_115' title='bbox 221 1513 284 1584; x_wconf 76' lang='grc' dir='ltr'><strong><em>τάν</em></strong></span> <span class='ocrx_word' id='word_1_116' title='bbox 303 1512 420 1600; x_wconf 80' lang='grc' dir='ltr'><strong><em>ἀλόγων</em></strong></span> <span class='ocrx_word' id='word_1_117' title='bbox 438 1511 459 1598; x_wconf 82' lang='grc' dir='ltr'><strong><em>ή</em></strong></span> <span class='ocrx_word' id='word_1_118' title='bbox 482 1512 590 1600; x_wconf 82' lang='grc' dir='ltr'><strong><em>ψυχή,</em></strong></span> <span class='ocrx_word' id='word_1_119' title='bbox 613 1512 634 1599; x_wconf 88' lang='grc' dir='ltr'><strong><em>ή</em></strong></span> <span class='ocrx_word' id='word_1_120' title='bbox 650 1516 685 1582; x_wconf 87' lang='grc' dir='ltr'><strong><em>δέ</em></strong></span> <span class='ocrx_word' id='word_1_121' title='bbox 700 1523 757 1583; x_wconf 80' lang='grc' dir='ltr'><strong><em>τοῦ</em></strong></span> <span class='ocrx_word' id='word_1_122' title='bbox 772 1514 940 1604; x_wconf 78' lang='grc' dir='ltr'><strong><em>ἀνθρώπου</em></strong></span> <span class='ocrx_word' id='word_1_123' title='bbox 957 1519 991 1582; x_wconf 89' lang='grc' dir='ltr'><strong><em>ἐκ</em></strong></span> <span class='ocrx_word' id='word_1_124' title='bbox 1004 1521 1061 1581; x_wconf 82' lang='grc' dir='ltr'><strong><em>τού</em></strong></span> <span class='ocrx_word' id='word_1_125' title='bbox 1075 1517 1163 1580; x_wconf 82' lang='grc' dir='ltr'><strong><em>θείου</em></strong></span> <span class='ocrx_word' id='word_1_126' title='bbox 1178 1508 1321 1601; x_wconf 83' lang='grc' dir='ltr'><strong><em>ἐμφυσή-</em></strong></span> 
     </span>
     <span class='ocr_line' id='line_1_14' title="bbox 222 1614 1321 1707; baseline -0.004 -24"><span class='ocrx_word' id='word_1_127' title='bbox 222 1641 321 1704; x_wconf 83' lang='grc' dir='ltr'><strong><em>ματος</em></strong></span> <span class='ocrx_word' id='word_1_128' title='bbox 333 1615 471 1702; x_wconf 82' lang='grc' dir='ltr'><strong><em>συνίστη.</em></strong></span> <span class='ocrx_word' id='word_1_129' title='bbox 521 1621 573 1684; x_wconf 80' lang='grc' dir='ltr'><strong><em>καί</em></strong></span> <span class='ocrx_word' id='word_1_130' title='bbox 589 1615 636 1686; x_wconf 82' lang='grc' dir='ltr'><strong><em>ὅτι</em></strong></span> <span class='ocrx_word' id='word_1_131' title='bbox 649 1617 745 1707; x_wconf 82' lang='grc' dir='ltr'><strong><em>γεηριί</em></strong></span> <span class='ocrx_word' id='word_1_132' title='bbox 758 1619 822 1686; x_wconf 86' lang='grc' dir='ltr'><strong><em>ἐστι</em></strong></span> <span class='ocrx_word' id='word_1_133' title='bbox 838 1624 900 1685; x_wconf 78' lang='grc' dir='ltr'><strong><em>τῶν</em></strong></span> <span class='ocrx_word' id='word_1_134' title='bbox 916 1615 1035 1705; x_wconf 84' lang='grc' dir='ltr'><strong><em>ἀλόγων</em></strong></span> <span class='ocrx_word' id='word_1_135' title='bbox 1048 1614 1068 1702; x_wconf 84' lang='grc' dir='ltr'><strong><em>ή</em></strong></span> <span class='ocrx_word' id='word_1_136' title='bbox 1084 1615 1187 1703; x_wconf 80' lang='grc' dir='ltr'><strong><em>ψυχή,</em></strong></span> <span class='ocrx_word' id='word_1_137' title='bbox 1213 1614 1321 1694; x_wconf 58' lang='lat' dir='ltr'><strong>ltal-</strong></span> 
     </span>
     <span class='ocr_line' id='line_1_15' title="bbox 220 1717 1322 1811; baseline -0.002 -26"><span class='ocrx_word' id='word_1_138' title='bbox 220 1725 279 1806; x_wconf 78' lang='grc' dir='ltr'><strong><em>τῆς</em></strong></span> <span class='ocrx_word' id='word_1_139' title='bbox 300 1717 363 1787; x_wconf 68' lang='grc' dir='ltr'><strong><em>ἐστι</em></strong></span> <span class='ocrx_word' id='word_1_140' title='bbox 384 1725 497 1806; x_wconf 80' lang='grc' dir='ltr'><strong><em>γνῶναι</em></strong></span> <span class='ocrx_word' id='word_1_141' title='bbox 515 1719 607 1788; x_wconf 81' lang='grc' dir='ltr'><strong><em>πόλιν</em></strong></span> <span class='ocrx_word' id='word_1_142' title='bbox 629 1729 686 1808; x_wconf 81' lang='grc' dir='ltr'><strong><em>τῆς</em></strong></span> <span class='ocrx_word' id='word_1_143' title='bbox 705 1728 845 1811; x_wconf 80' lang='grc' dir='ltr'><strong><em>γραφῆς·</em></strong></span> <span class='ocrx_word' id='word_1_144' title='bbox 869 1721 986 1810; x_wconf 70' lang='grc' dir='ltr'><strong><em>εἴρηται</em></strong></span> <span class='ocrx_word' id='word_1_145' title='bbox 1002 1719 1081 1808; x_wconf 89' lang='grc' dir='ltr'><strong><em>γάρ,</em></strong></span> <span class='ocrx_word' id='word_1_146' title='bbox 1105 1721 1193 1804; x_wconf 79' lang='grc' dir='ltr'><strong><em>ψυχή</em></strong></span> <span class='ocrx_word' id='word_1_147' title='bbox 1207 1717 1322 1794; x_wconf 78' lang='grc' dir='ltr'><strong><em>παντὸς</em></strong></span> 
     </span>
     <span class='ocr_line' id='line_1_16' title="bbox 222 1817 1364 1910; baseline -0.003 -22"><span class='ocrx_word' id='word_1_148' title='bbox 222 1819 353 1906; x_wconf 74' lang='grc' dir='ltr'><strong><em>κτήνους</em></strong></span> <span class='ocrx_word' id='word_1_149' title='bbox 372 1822 407 1887; x_wconf 89' lang='grc' dir='ltr'><strong><em>τδ</em></strong></span> <span class='ocrx_word' id='word_1_150' title='bbox 429 1817 507 1906; x_wconf 75' lang='grc' dir='ltr'><strong><em>αἷμα</em></strong></span> <span class='ocrx_word' id='word_1_151' title='bbox 532 1824 627 1890; x_wconf 83' lang='grc' dir='ltr'><strong><em>αύτού</em></strong></span> <span class='ocrx_word' id='word_1_152' title='bbox 648 1825 737 1891; x_wconf 87' lang='grc' dir='ltr'><strong><em>ἐστίν.</em></strong></span> <span class='ocrx_word' id='word_1_153' title='bbox 787 1820 867 1908; x_wconf 82' lang='grc' dir='ltr'><strong><em>αἷμα</em></strong></span> <span class='ocrx_word' id='word_1_154' title='bbox 890 1826 924 1889; x_wconf 85' lang='grc' dir='ltr'><strong><em>δέ</em></strong></span> <span class='ocrx_word' id='word_1_155' title='bbox 946 1821 1133 1910; x_wconf 73' lang='grc' dir='ltr'><strong><em>πηγνύμενον</em></strong></span> <span class='ocrx_word' id='word_1_156' title='bbox 1156 1825 1199 1900; x_wconf 84' lang='grc' dir='ltr'><strong><em>είς</em></strong></span> <span class='ocrx_word' id='word_1_157' title='bbox 1221 1818 1322 1907; x_wconf 87' lang='grc' dir='ltr'><strong><em>σόρκα</em></strong></span> <span class='ocrx_word' id='word_1_158' title='bbox 1330 1829 1364 1886; x_wconf 80' lang='grc'><strong><em>15</em></strong></span> 
     </span>
     <span class='ocr_line' id='line_1_17' title="bbox 222 1923 1324 2016; baseline -0.003 -24"><span class='ocrx_word' id='word_1_159' title='bbox 222 1923 461 2011; x_wconf 76' lang='grc' dir='ltr'><strong><em>μεταβάλλεται,</em></strong></span> <span class='ocrx_word' id='word_1_160' title='bbox 486 1925 565 2014; x_wconf 76' lang='grc' dir='ltr'><strong><em>σὰρξ</em></strong></span> <span class='ocrx_word' id='word_1_161' title='bbox 587 1927 621 1992; x_wconf 76' lang='grc' dir='ltr'><strong><em>δὲ</em></strong></span> <span class='ocrx_word' id='word_1_162' title='bbox 643 1927 832 2016; x_wconf 72' lang='grc' dir='ltr'><strong><em>φθειρομένη</em></strong></span> <span class='ocrx_word' id='word_1_163' title='bbox 850 1929 893 2004; x_wconf 78' lang='grc' dir='ltr'><strong><em>εἰς</em></strong></span> <span class='ocrx_word' id='word_1_164' title='bbox 907 1934 965 2012; x_wconf 74' lang='grc' dir='ltr'><strong><em>γῆν</em></strong></span> <span class='ocrx_word' id='word_1_165' title='bbox 979 1925 1150 1992; x_wconf 82' lang='grc' dir='ltr'><strong><em>ἀναλύεται.</em></strong></span> <span class='ocrx_word' id='word_1_166' title='bbox 1200 1923 1324 2000; x_wconf 79' lang='grc' dir='ltr'><strong><em>εἰκότως</em></strong></span> 
     </span>
     <span class='ocr_line' id='line_1_18' title="bbox 225 2019 1322 2118; baseline -0.004 -24"><span class='ocrx_word' id='word_1_167' title='bbox 225 2019 281 2094; x_wconf 80' lang='grc' dir='ltr'><strong><em>οόν</em></strong></span> <span class='ocrx_word' id='word_1_168' title='bbox 299 2025 416 2114; x_wconf 83' lang='grc' dir='ltr'><strong><em>γεώδης</em></strong></span> <span class='ocrx_word' id='word_1_169' title='bbox 434 2025 455 2114; x_wconf 84' lang='grc' dir='ltr'><strong><em>ή</em></strong></span> <span class='ocrx_word' id='word_1_170' title='bbox 475 2035 537 2096; x_wconf 82' lang='grc' dir='ltr'><strong><em>τῶν</em></strong></span> <span class='ocrx_word' id='word_1_171' title='bbox 556 2026 675 2114; x_wconf 82' lang='grc' dir='ltr'><strong><em>ἀλόγων</em></strong></span> <span class='ocrx_word' id='word_1_172' title='bbox 695 2026 795 2114; x_wconf 79' lang='grc' dir='ltr'><strong><em>ψυχή.</em></strong></span> <span class='ocrx_word' id='word_1_173' title='bbox 845 2035 885 2115; x_wconf 79' lang='grc' dir='ltr'><strong><em>τῇ</em></strong></span> <span class='ocrx_word' id='word_1_174' title='bbox 902 2026 1031 2116; x_wconf 79' lang='grc' dir='ltr'><strong><em>τετάρτη</em></strong></span> <span class='ocrx_word' id='word_1_175' title='bbox 1044 2025 1144 2118; x_wconf 76' lang='grc' dir='ltr'><strong><em>ήμὲρρι</em></strong></span> <span class='ocrx_word' id='word_1_176' title='bbox 1157 2023 1322 2112; x_wconf 78' lang='grc' dir='ltr'><strong><em>λποίησενό</em></strong></span> 
     </span>
     <span class='ocr_line' id='line_1_19' title="bbox 225 2129 1325 2217; baseline -0.001 -21"><span class='ocrx_word' id='word_1_177' title='bbox 225 2130 302 2208; x_wconf 82' lang='grc' dir='ltr'><strong><em>θεδς</em></strong></span> <span class='ocrx_word' id='word_1_178' title='bbox 317 2131 371 2198; x_wconf 80' lang='grc' dir='ltr'><strong><em>τόν</em></strong></span> <span class='ocrx_word' id='word_1_179' title='bbox 384 2129 487 2215; x_wconf 86' lang='grc' dir='ltr'><strong><em>ήλιον,</em></strong></span> <span class='ocrx_word' id='word_1_180' title='bbox 511 2131 567 2216; x_wconf 86' lang='grc' dir='ltr'><strong><em>τήν</em></strong></span> <span class='ocrx_word' id='word_1_181' title='bbox 579 2129 708 2216; x_wconf 79' lang='grc' dir='ltr'><strong><em>σελήνην</em></strong></span> <span class='ocrx_word' id='word_1_182' title='bbox 722 2133 775 2196; x_wconf 80' lang='grc' dir='ltr'><strong><em>καλ</em></strong></span> <span class='ocrx_word' id='word_1_183' title='bbox 787 2130 859 2207; x_wconf 81' lang='grc' dir='ltr'><strong><em>τούς</em></strong></span> <span class='ocrx_word' id='word_1_184' title='bbox 874 2131 1022 2217; x_wconf 87' lang='grc' dir='ltr'><strong><em>ἀστίρας,</em></strong></span> <span class='ocrx_word' id='word_1_185' title='bbox 1047 2130 1121 2216; x_wconf 65' lang='grc' dir='ltr'><strong><em>ἔργα</em></strong></span> <span class='ocrx_word' id='word_1_186' title='bbox 1133 2131 1214 2216; x_wconf 87' lang='grc' dir='ltr'><strong><em>τρία.</em></strong></span> <span class='ocrx_word' id='word_1_187' title='bbox 1262 2134 1325 2195; x_wconf 78' lang='grc' dir='ltr'><strong><em>τῶν</em></strong></span> 
     </span>
     <span class='ocr_line' id='line_1_20' title="bbox 154 2230 1327 2324; baseline -0.003 -24"><span class='ocrx_word' id='word_1_188' title='bbox 154 2251 178 2307; x_wconf 78' lang='grc' dir='ltr'>Ρ</span> <span class='ocrx_word' id='word_1_189' title='bbox 193 2247 212 2306; x_wconf 81' lang='grc'><strong>4</strong></span> <span class='ocrx_word' id='word_1_190' title='bbox 229 2231 400 2324; x_wconf 87' lang='grc' dir='ltr'><strong><em>φωστήρων</em></strong></span> <span class='ocrx_word' id='word_1_191' title='bbox 414 2235 580 2318; x_wconf 75' lang='grc' dir='ltr'><strong><em>γενομένων</em></strong></span> <span class='ocrx_word' id='word_1_192' title='bbox 594 2234 764 2320; x_wconf 77' lang='grc' dir='ltr'><strong><em>πολυμερὲς</em></strong></span> <span class='ocrx_word' id='word_1_193' title='bbox 777 2238 822 2322; x_wconf 76' lang='grc' dir='ltr'><strong><em>τῷ</em></strong></span> <span class='ocrx_word' id='word_1_194' title='bbox 835 2235 925 2298; x_wconf 81' lang='grc' dir='ltr'><strong><em>παντὶ</em></strong></span> <span class='ocrx_word' id='word_1_195' title='bbox 943 2234 1120 2321; x_wconf 79' lang='grc' dir='ltr'><strong><em>παρεσχίθη</em></strong></span> <span class='ocrx_word' id='word_1_196' title='bbox 1140 2231 1268 2320; x_wconf 86' lang='grc' dir='ltr'><strong><em>όφελος,</em></strong></span> <span class='ocrx_word' id='word_1_197' title='bbox 1292 2230 1327 2296; x_wconf 79' lang='grc' dir='ltr'><strong><em>ἐκ</em></strong></span> 
     </span>
     <span class='ocr_line' id='line_1_21' title="bbox 224 2331 1368 2423; baseline -0.001 -20"><span class='ocrx_word' id='word_1_198' title='bbox 224 2341 325 2404; x_wconf 81' lang='grc' dir='ltr'><strong><em>τετοῦ</em></strong></span> <span class='ocrx_word' id='word_1_199' title='bbox 339 2337 457 2423; x_wconf 88' lang='grc' dir='ltr'><strong><em>φαίνειν</em></strong></span> <span class='ocrx_word' id='word_1_200' title='bbox 469 2339 520 2400; x_wconf 83' lang='grc' dir='ltr'><strong><em>καὶ</em></strong></span> <span class='ocrx_word' id='word_1_201' title='bbox 533 2345 601 2414; x_wconf 78' lang='grc' dir='ltr'><strong><em>ταῖς</em></strong></span> <span class='ocrx_word' id='word_1_202' title='bbox 613 2338 734 2412; x_wconf 79' lang='grc' dir='ltr'><strong><em>οίκείαις</em></strong></span> <span class='ocrx_word' id='word_1_203' title='bbox 747 2331 923 2420; x_wconf 84' lang='grc' dir='ltr'><strong><em>λαμπηδόσι</em></strong></span> <span class='ocrx_word' id='word_1_204' title='bbox 935 2333 1132 2422; x_wconf 84' lang='grc' dir='ltr'><strong><em>καταυγάζειν</em></strong></span> <span class='ocrx_word' id='word_1_205' title='bbox 1142 2335 1196 2400; x_wconf 88' lang='grc' dir='ltr'><strong><em>τδν</em></strong></span> <span class='ocrx_word' id='word_1_206' title='bbox 1209 2333 1368 2418; x_wconf 61' lang='grc' dir='ltr'><strong><em>κόσμονθ)</em></strong></span> 
     </span>
     <span class='ocr_line' id='line_1_22' title="bbox 225 2435 1325 2524; baseline -0.001 -19"><span class='ocrx_word' id='word_1_207' title='bbox 225 2441 394 2520; x_wconf 81' lang='grc' dir='ltr'><strong><em>πλουσίως,</em></strong></span> <span class='ocrx_word' id='word_1_208' title='bbox 420 2437 453 2504; x_wconf 78' lang='grc' dir='ltr'><strong><em>’ίιι</em></strong></span> <span class='ocrx_word' id='word_1_209' title='bbox 474 2463 507 2504; x_wconf 86' lang='grc' dir='ltr'><strong><em>τε</em></strong></span> <span class='ocrx_word' id='word_1_210' title='bbox 529 2445 586 2506; x_wconf 76' lang='lat' dir='ltr'><strong>sori</strong></span> <span class='ocrx_word' id='word_1_211' title='bbox 608 2439 738 2522; x_wconf 78' lang='grc' dir='ltr'><strong><em>ἀνίσχειν</em></strong></span> <span class='ocrx_word' id='word_1_212' title='bbox 755 2440 808 2504; x_wconf 76' lang='grc' dir='ltr'><strong><em>καὶ</em></strong></span> <span class='ocrx_word' id='word_1_213' title='bbox 825 2436 1037 2505; x_wconf 87' lang='grc' dir='ltr'><strong><em>καταδύεσθαι</em></strong></span> <span class='ocrx_word' id='word_1_214' title='bbox 1056 2439 1112 2522; x_wconf 83' lang='grc' dir='ltr'><strong><em>τήν</em></strong></span> <span class='ocrx_word' id='word_1_215' title='bbox 1128 2443 1190 2505; x_wconf 79' lang='grc' dir='ltr'><strong><em>τῶν</em></strong></span> <span class='ocrx_word' id='word_1_216' title='bbox 1204 2435 1325 2524; x_wconf 84' lang='grc' dir='ltr'><strong><em>χρόνων</em></strong></span> 
     </span>
     <span class='ocr_line' id='line_1_23' title="bbox 226 2537 1327 2628; baseline -0.005 -20"><span class='ocrx_word' id='word_1_217' title='bbox 226 2541 440 2628; x_wconf 86' lang='grc' dir='ltr'><strong><em>ἀπαρίθμησιν</em></strong></span> <span class='ocrx_word' id='word_1_218' title='bbox 453 2541 603 2627; x_wconf 86' lang='grc' dir='ltr'><strong><em>γίνεσθαι.</em></strong></span> <span class='ocrx_word' id='word_1_219' title='bbox 654 2541 734 2608; x_wconf 85' lang='grc' dir='ltr'><strong><em>ἀλλά</em></strong></span> <span class='ocrx_word' id='word_1_220' title='bbox 747 2543 873 2608; x_wconf 78' lang='grc' dir='ltr'><strong><em>καὶτῶν</em></strong></span> <span class='ocrx_word' id='word_1_221' title='bbox 885 2544 1033 2625; x_wconf 82' lang='grc' dir='ltr'><strong><em>σημείων,</em></strong></span> <span class='ocrx_word' id='word_1_222' title='bbox 1058 2537 1111 2606; x_wconf 81' lang='grc' dir='ltr'><strong><em>οἷό</em></strong></span> <span class='ocrx_word' id='word_1_223' title='bbox 1124 2543 1188 2606; x_wconf 84' lang='grc' dir='ltr'><strong><em>ἐστι</em></strong></span> <span class='ocrx_word' id='word_1_224' title='bbox 1204 2540 1254 2604; x_wconf 84' lang='grc' dir='ltr'><strong><em>διδ</em></strong></span> <span class='ocrx_word' id='word_1_225' title='bbox 1271 2546 1327 2623; x_wconf 80' lang='grc' dir='ltr'><strong><em>τῆς</em></strong></span> 
     </span>
     <span class='ocr_line' id='line_1_24' title="bbox 226 2635 1326 2734; baseline -0.005 -21"><span class='ocrx_word' id='word_1_226' title='bbox 226 2641 356 2732; x_wconf 79' lang='grc' dir='ltr'><strong><em>σελήνης</em></strong></span> <span class='ocrx_word' id='word_1_227' title='bbox 381 2645 558 2734; x_wconf 86' lang='grc' dir='ltr'><strong><em>φαίνεσθαι.</em></strong></span> <span class='ocrx_word' id='word_1_228' title='bbox 608 2645 702 2731; x_wconf 81' lang='grc' dir='ltr'><strong><em>λεπτή</em></strong></span> <span class='ocrx_word' id='word_1_229' title='bbox 722 2643 784 2734; x_wconf 87' lang='grc' dir='ltr'><strong><em>γδρ</em></strong></span> <span class='ocrx_word' id='word_1_230' title='bbox 803 2635 882 2713; x_wconf 78' lang='lat' dir='ltr'><strong>otico</strong></span> <span class='ocrx_word' id='word_1_231' title='bbox 896 2652 964 2722; x_wconf 78' lang='grc' dir='ltr'><strong><em>ταῖς</em></strong></span> <span class='ocrx_word' id='word_1_232' title='bbox 980 2643 1116 2732; x_wconf 87' lang='grc' dir='ltr'><strong><em>κεραίαις</em></strong></span> <span class='ocrx_word' id='word_1_233' title='bbox 1130 2644 1181 2708; x_wconf 81' lang='grc' dir='ltr'><strong><em>καί</em></strong></span> <span class='ocrx_word' id='word_1_234' title='bbox 1197 2643 1326 2731; x_wconf 85' lang='grc' dir='ltr'><strong><em>καθαρδ</em></strong></span> 
     </span>
    </p>
   </div>
   <div class='ocr_carea' id='block_1_3' title="bbox 298 2813 1345 2895">
    <p class='ocr_par' dir='ltr' id='par_1_3' title="bbox 298 2813 1345 2895">
     <span class='ocr_line' id='line_1_25' title="bbox 298 2813 1345 2895; baseline -0.004 -16"><span class='ocrx_word' id='word_1_235' title='bbox 298 2813 611 2894; x_wconf 73' lang='grc' dir='ltr'><strong><em>δύπειδήδδύσπερί</em></strong></span> <span class='ocrx_word' id='word_1_236' title='bbox 726 2820 998 2895; x_wconf 75' lang='grc' dir='ltr'><strong><em>21τοό1τοῦτηῖί</em></strong></span> <span class='ocrx_word' id='word_1_237' title='bbox 1117 2815 1345 2894; x_wconf 59' lang='grc' dir='ltr'><strong><em>ἥκαλῙκάκδ.</em></strong></span> 
     </span>
    </p>
   </div>
   <div class='ocr_carea' id='block_1_4' title="bbox 228 2974 1333 4290">
    <p class='ocr_par' dir='ltr' id='par_1_4' title="bbox 228 2974 1333 4290">
     <span class='ocr_line' id='line_1_26' title="bbox 228 2974 1327 3048; baseline -0.003 -17"><span class='ocrx_word' id='word_1_238' title='bbox 228 2976 418 3031; x_wconf 77' lang='lat' dir='ltr'><strong>firmamentum</strong></span> <span class='ocrx_word' id='word_1_239' title='bbox 442 2979 615 3032; x_wconf 74' lang='lat' dir='ltr'><strong>estfactum</strong></span> <span class='ocrx_word' id='word_1_240' title='bbox 640 2993 707 3048; x_wconf 85' lang='lat' dir='ltr'><strong>opus</strong></span> <span class='ocrx_word' id='word_1_241' title='bbox 731 2993 821 3032; x_wconf 87' lang='lat' dir='ltr'><strong>unnrn.</strong></span> <span class='ocrx_word' id='word_1_242' title='bbox 856 2976 908 3032; x_wconf 82' lang='lat' dir='ltr'><strong>lroo</strong></span> <span class='ocrx_word' id='word_1_243' title='bbox 929 2983 1016 3030; x_wconf 77' lang='lat' dir='ltr'><strong>entem</strong></span> <span class='ocrx_word' id='word_1_244' title='bbox 1037 2974 1242 3042; x_wconf 66' lang='lat' dir='ltr'><strong>conueniunt,</strong></span> <span class='ocrx_word' id='word_1_245' title='bbox 1264 2991 1327 3044; x_wconf 83' lang='grc' dir='ltr'><strong><em>ρεο-</em></strong></span> 
     </span>
     <span class='ocr_line' id='line_1_27' title="bbox 228 3043 1328 3116; baseline -0.004 -18"><span class='ocrx_word' id='word_1_246' title='bbox 228 3053 323 3116; x_wconf 83' lang='lat' dir='ltr'><strong>pteree</strong></span> <span class='ocrx_word' id='word_1_247' title='bbox 345 3045 416 3115; x_wconf 88' lang='lat' dir='ltr'><strong>quod</strong></span> <span class='ocrx_word' id='word_1_248' title='bbox 439 3048 527 3102; x_wconf 85' lang='lat' dir='ltr'><strong>tenuis</strong></span> <span class='ocrx_word' id='word_1_249' title='bbox 553 3053 595 3101; x_wconf 86' lang='lat' dir='ltr'><strong>ost</strong></span> <span class='ocrx_word' id='word_1_250' title='bbox 616 3055 644 3100; x_wconf 87' lang='lat' dir='ltr'><strong><em>et</em></strong></span> <span class='ocrx_word' id='word_1_251' title='bbox 665 3063 727 3102; x_wconf 78' lang='lat' dir='ltr'><strong>rere</strong></span> <span class='ocrx_word' id='word_1_252' title='bbox 750 3063 839 3112; x_wconf 83' lang='lat' dir='ltr'><strong>eorunr</strong></span> <span class='ocrx_word' id='word_1_253' title='bbox 856 3063 925 3116; x_wconf 85' lang='lat' dir='ltr'><strong>quee</strong></span> <span class='ocrx_word' id='word_1_254' title='bbox 941 3062 1022 3115; x_wconf 84' lang='lat' dir='ltr'><strong>snpre</strong></span> <span class='ocrx_word' id='word_1_255' title='bbox 1038 3044 1065 3098; x_wconf 89' lang='lat' dir='ltr'><strong><em>id</em></strong></span> <span class='ocrx_word' id='word_1_256' title='bbox 1084 3053 1165 3114; x_wconf 82' lang='lat' dir='ltr'><strong>etque</strong></span> <span class='ocrx_word' id='word_1_257' title='bbox 1181 3043 1252 3097; x_wconf 85' lang='lat' dir='ltr'><strong>inire</strong></span> <span class='ocrx_word' id='word_1_258' title='bbox 1267 3049 1328 3095; x_wconf 87' lang='lat' dir='ltr'><strong>sunt</strong></span> 
     </span>
     <span class='ocr_line' id='line_1_28' title="bbox 228 3110 1329 3183; baseline -0.004 -15"><span class='ocrx_word' id='word_1_259' title='bbox 228 3122 334 3168; x_wconf 81' lang='lat' dir='ltr'><strong>ustura.</strong></span> <span class='ocrx_word' id='word_1_260' title='bbox 369 3114 468 3168; x_wconf 82' lang='lat' dir='ltr'><strong>cuelurn</strong></span> <span class='ocrx_word' id='word_1_261' title='bbox 492 3121 578 3170; x_wconf 81' lang='lat' dir='ltr'><strong>eutem</strong></span> <span class='ocrx_word' id='word_1_262' title='bbox 604 3117 729 3182; x_wconf 88' lang='lat' dir='ltr'><strong>(Greece</strong></span> <span class='ocrx_word' id='word_1_263' title='bbox 748 3110 889 3182; x_wconf 82' lang='grc' dir='ltr'><strong><em>ούρανύς)</em></strong></span> <span class='ocrx_word' id='word_1_264' title='bbox 913 3114 1027 3180; x_wconf 88' lang='lat' dir='ltr'><strong>dicitur,</strong></span> <span class='ocrx_word' id='word_1_265' title='bbox 1052 3115 1124 3183; x_wconf 87' lang='lat' dir='ltr'><strong>quod</strong></span> <span class='ocrx_word' id='word_1_266' title='bbox 1146 3113 1223 3182; x_wconf 84' lang='lat' dir='ltr'><strong>pellis</strong></span> <span class='ocrx_word' id='word_1_267' title='bbox 1245 3111 1329 3164; x_wconf 81' lang='lat' dir='ltr'><strong>instet·</strong></span> 
     </span>
     <span class='ocr_line' id='line_1_29' title="bbox 229 3179 1328 3266; baseline -0.003 -32"><span class='ocrx_word' id='word_1_268' title='bbox 229 3183 338 3236; x_wconf 81' lang='lat' dir='ltr'><strong>uidetur</strong></span> <span class='ocrx_word' id='word_1_269' title='bbox 361 3201 442 3254; x_wconf 78' lang='lat' dir='ltr'><strong>supra</strong></span> <span class='ocrx_word' id='word_1_270' title='bbox 464 3192 544 3254; x_wconf 82' lang='lat' dir='ltr'><strong>ceput</strong></span> <span class='ocrx_word' id='word_1_271' title='bbox 568 3200 719 3266; x_wconf 73' lang='lat' dir='ltr'><strong>expensum.</strong></span> <span class='ocrx_word' id='word_1_272' title='bbox 753 3183 834 3237; x_wconf 80' lang='lat' dir='ltr'><strong>tertie</strong></span> <span class='ocrx_word' id='word_1_273' title='bbox 850 3183 894 3236; x_wconf 88' lang='lat' dir='ltr'><strong>die</strong></span> <span class='ocrx_word' id='word_1_274' title='bbox 911 3192 1001 3237; x_wconf 85' lang='lat' dir='ltr'><strong>terreo</strong></span> <span class='ocrx_word' id='word_1_275' title='bbox 1019 3181 1151 3252; x_wconf 75' lang='lat' dir='ltr'><strong>appetitio</strong></span> <span class='ocrx_word' id='word_1_276' title='bbox 1164 3198 1197 3235; x_wconf 86' lang='lat' dir='ltr'><strong>ec</strong></span> <span class='ocrx_word' id='word_1_277' title='bbox 1209 3179 1328 3247; x_wconf 72' lang='lat' dir='ltr'><strong>siccatio,</strong></span> 
     </span>
     <span class='ocr_line' id='line_1_30' title="bbox 230 3251 1329 3392; baseline -0.004 -18"><span class='ocrx_word' id='word_1_278' title='bbox 230 3253 492 3376; x_wconf 50' lang='lat' dir='ltr'><strong><em>urrinni</em></strong></span> <span class='ocrx_word' id='word_1_279' title='bbox 510 3251 1329 3392; x_wconf 54' lang='lat' dir='ltr'><strong>nutriuntur.rennuunt</strong></span> 
     </span>
     <span class='ocr_line' id='line_1_31' title="bbox 911 3361 920 3388; baseline 0 0"><span class='ocrx_word' id='word_1_280' title='bbox 911 3361 920 3388; x_wconf 74' lang='lat'>9</span> 
     </span>
     <span class='ocr_line' id='line_1_32' title="bbox 230 3367 1330 3474; baseline -0.002 -34"><span class='ocrx_word' id='word_1_281' title='bbox 230 3389 367 3474; x_wconf 72' lang='lat' dir='ltr'><strong>proprium</strong></span> <span class='ocrx_word' id='word_1_282' title='bbox 380 3397 433 3443; x_wconf 75' lang='lat' dir='ltr'><strong>oste</strong></span> <span class='ocrx_word' id='word_1_283' title='bbox 450 3389 559 3460; x_wconf 83' lang='lat' dir='ltr'><strong>proprie</strong></span> <span class='ocrx_word' id='word_1_284' title='bbox 574 3389 642 3443; x_wconf 81' lang='lat' dir='ltr'><strong>eninr</strong></span> <span class='ocrx_word' id='word_1_285' title='bbox 657 3391 755 3444; x_wconf 84' lang='lat' dir='ltr'><strong>siceum</strong></span> <span class='ocrx_word' id='word_1_286' title='bbox 771 3367 843 3460; x_wconf 67' lang='lat' dir='ltr'><strong>quod</strong></span> <span class='ocrx_word' id='word_1_287' title='bbox 856 3391 908 3458; x_wconf 84' lang='lat' dir='ltr'><strong>sit,</strong></span> <span class='ocrx_word' id='word_1_288' title='bbox 925 3399 997 3444; x_wconf 83' lang='lat' dir='ltr'><strong>terre</strong></span> <span class='ocrx_word' id='word_1_289' title='bbox 1008 3399 1060 3442; x_wconf 86' lang='lat' dir='ltr'><strong>est.</strong></span> <span class='ocrx_word' id='word_1_290' title='bbox 1095 3389 1162 3441; x_wconf 78' lang='lat' dir='ltr'><strong>hoec</strong></span> <span class='ocrx_word' id='word_1_291' title='bbox 1176 3387 1223 3439; x_wconf 91' lang='lat' dir='ltr'><strong><em>ubi</em></strong></span> <span class='ocrx_word' id='word_1_292' title='bbox 1239 3403 1269 3439; x_wconf 90' lang='lat' dir='ltr'><strong>se</strong></span> <span class='ocrx_word' id='word_1_293' title='bbox 1285 3387 1330 3439; x_wconf 90' lang='lat' dir='ltr'><strong><em>in·</em></strong></span> 
     </span>
     <span class='ocr_line' id='line_1_33' title="bbox 230 3455 1331 3530; baseline -0.002 -19"><span class='ocrx_word' id='word_1_294' title='bbox 230 3457 309 3511; x_wconf 87' lang='lat' dir='ltr'><strong>sectis</strong></span> <span class='ocrx_word' id='word_1_295' title='bbox 326 3459 390 3510; x_wconf 84' lang='lat' dir='ltr'><strong>desu</strong></span> <span class='ocrx_word' id='word_1_296' title='bbox 411 3475 440 3510; x_wconf 86' lang='lat' dir='ltr'><strong><em>or</em></strong></span> <span class='ocrx_word' id='word_1_297' title='bbox 462 3459 537 3528; x_wconf 83' lang='lat' dir='ltr'><strong>equis</strong></span> <span class='ocrx_word' id='word_1_298' title='bbox 556 3460 725 3528; x_wconf 73' lang='lat' dir='ltr'>exoneravit,</span> <span class='ocrx_word' id='word_1_299' title='bbox 747 3458 821 3513; x_wconf 89' lang='lat' dir='ltr'><strong>insse</strong></span> <span class='ocrx_word' id='word_1_300' title='bbox 841 3477 921 3530; x_wconf 84' lang='lat' dir='ltr'><strong>porro</strong></span> <span class='ocrx_word' id='word_1_301' title='bbox 945 3467 987 3512; x_wconf 89' lang='lat' dir='ltr'><strong><em>est</em></strong></span> <span class='ocrx_word' id='word_1_302' title='bbox 1004 3455 1162 3528; x_wconf 70' lang='lat' dir='ltr'><strong>germinare.</strong></span> <span class='ocrx_word' id='word_1_303' title='bbox 1195 3455 1268 3509; x_wconf 86' lang='lat' dir='ltr'><strong>insse</strong></span> <span class='ocrx_word' id='word_1_304' title='bbox 1287 3463 1331 3509; x_wconf 82' lang='lat' dir='ltr'><strong><em>est</em></strong></span> 
     </span>
     <span class='ocr_line' id='line_1_34' title="bbox 231 3477 1331 3596; baseline 0 -18"><span class='ocrx_word' id='word_1_305' title='bbox 231 3532 321 3578; x_wconf 81' lang='lat' dir='ltr'><strong>eutem</strong></span> <span class='ocrx_word' id='word_1_306' title='bbox 336 3477 481 3595; x_wconf 80' lang='grc' dir='ltr'><strong><em>ρεοδυοετο</em></strong></span> <span class='ocrx_word' id='word_1_307' title='bbox 496 3527 606 3580; x_wconf 86' lang='lat' dir='ltr'><strong>enirnsm</strong></span> <span class='ocrx_word' id='word_1_308' title='bbox 623 3527 770 3595; x_wconf 82' lang='lat' dir='ltr'><strong>viventem,</strong></span> <span class='ocrx_word' id='word_1_309' title='bbox 795 3537 826 3582; x_wconf 84' lang='lat' dir='ltr'><strong>ut</strong></span> <span class='ocrx_word' id='word_1_310' title='bbox 841 3529 905 3582; x_wconf 89' lang='lat' dir='ltr'><strong>inde</strong></span> <span class='ocrx_word' id='word_1_311' title='bbox 925 3535 1128 3596; x_wconf 72' lang='lat' dir='ltr'><strong>cognosceretur</strong></span> <span class='ocrx_word' id='word_1_312' title='bbox 1143 3523 1217 3578; x_wconf 85' lang='lat' dir='ltr'><strong>bruti</strong></span> <span class='ocrx_word' id='word_1_313' title='bbox 1231 3542 1264 3578; x_wconf 85' lang='lat' dir='ltr'><strong>ec</strong></span> <span class='ocrx_word' id='word_1_314' title='bbox 1280 3525 1331 3578; x_wconf 88' lang='lat' dir='ltr'><strong>lro-</strong></span> 
     </span>
     <span class='ocr_line' id='line_1_35' title="bbox 232 3593 1330 3660; baseline -0.002 -13"><span class='ocrx_word' id='word_1_315' title='bbox 232 3593 310 3647; x_wconf 88' lang='lat' dir='ltr'><strong>rninis</strong></span> <span class='ocrx_word' id='word_1_316' title='bbox 329 3594 431 3648; x_wconf 83' lang='lat' dir='ltr'><strong>enimse</strong></span> <span class='ocrx_word' id='word_1_317' title='bbox 448 3595 599 3650; x_wconf 83' lang='lat' dir='ltr'><strong>discrimen:</strong></span> <span class='ocrx_word' id='word_1_318' title='bbox 622 3614 682 3650; x_wconf 82' lang='lat' dir='ltr'><strong><em>unm</em></strong></span> <span class='ocrx_word' id='word_1_319' title='bbox 698 3599 833 3652; x_wconf 87' lang='lat' dir='ltr'><strong>brutorum</strong></span> <span class='ocrx_word' id='word_1_320' title='bbox 853 3599 940 3652; x_wconf 80' lang='lat' dir='ltr'><strong>enims</strong></span> <span class='ocrx_word' id='word_1_321' title='bbox 955 3615 989 3650; x_wconf 84' lang='lat' dir='ltr'><strong>ex</strong></span> <span class='ocrx_word' id='word_1_322' title='bbox 1002 3605 1076 3650; x_wconf 83' lang='lat' dir='ltr'><strong>terre</strong></span> <span class='ocrx_word' id='word_1_323' title='bbox 1092 3603 1133 3648; x_wconf 86' lang='lat' dir='ltr'><strong><em>est</em></strong></span> <span class='ocrx_word' id='word_1_324' title='bbox 1144 3603 1223 3660; x_wconf 70' lang='lat' dir='ltr'><strong>nem,</strong></span> <span class='ocrx_word' id='word_1_325' title='bbox 1244 3593 1330 3647; x_wconf 86' lang='lat' dir='ltr'><strong>horni-</strong></span> 
     </span>
     <span class='ocr_line' id='line_1_36' title="bbox 233 3661 1332 3735; baseline 0 -19"><span class='ocrx_word' id='word_1_326' title='bbox 233 3661 275 3716; x_wconf 89' lang='lat' dir='ltr'><strong><em>uis</em></strong></span> <span class='ocrx_word' id='word_1_327' title='bbox 292 3671 379 3716; x_wconf 85' lang='lat' dir='ltr'><strong>eutem</strong></span> <span class='ocrx_word' id='word_1_328' title='bbox 396 3681 429 3716; x_wconf 87' lang='lat' dir='ltr'><strong>ex</strong></span> <span class='ocrx_word' id='word_1_329' title='bbox 447 3664 538 3718; x_wconf 79' lang='lat' dir='ltr'><strong>divine</strong></span> <span class='ocrx_word' id='word_1_330' title='bbox 551 3665 725 3735; x_wconf 73' lang='lat' dir='ltr'><strong>inspiratione</strong></span> <span class='ocrx_word' id='word_1_331' title='bbox 740 3675 799 3720; x_wconf 76' lang='lat' dir='ltr'><strong>orte</strong></span> <span class='ocrx_word' id='word_1_332' title='bbox 813 3676 866 3721; x_wconf 80' lang='lat' dir='ltr'><strong>est.</strong></span> <span class='ocrx_word' id='word_1_333' title='bbox 900 3683 959 3720; x_wconf 84' lang='lat' dir='ltr'><strong>esse</strong></span> <span class='ocrx_word' id='word_1_334' title='bbox 972 3672 1059 3719; x_wconf 84' lang='lat' dir='ltr'><strong>eutero</strong></span> <span class='ocrx_word' id='word_1_335' title='bbox 1072 3664 1207 3718; x_wconf 87' lang='lat' dir='ltr'><strong>brutorum</strong></span> <span class='ocrx_word' id='word_1_336' title='bbox 1219 3664 1332 3732; x_wconf 77' lang='lat' dir='ltr'><strong>enimam</strong></span> 
     </span>
     <span class='ocr_line' id='line_1_37' title="bbox 232 3725 1333 3812; baseline -0.001 -28"><span class='ocrx_word' id='word_1_337' title='bbox 232 3739 381 3812; x_wconf 65' lang='lat' dir='ltr'><strong>terrenum,</strong></span> <span class='ocrx_word' id='word_1_338' title='bbox 406 3748 508 3786; x_wconf 81' lang='lat' dir='ltr'><strong>rursum</strong></span> <span class='ocrx_word' id='word_1_339' title='bbox 526 3752 559 3788; x_wconf 82' lang='lat' dir='ltr'><strong>ex</strong></span> <span class='ocrx_word' id='word_1_340' title='bbox 574 3736 634 3803; x_wconf 87' lang='lat' dir='ltr'><strong>ipss</strong></span> <span class='ocrx_word' id='word_1_341' title='bbox 651 3743 739 3804; x_wconf 84' lang='lat' dir='ltr'><strong>potest</strong></span> <span class='ocrx_word' id='word_1_342' title='bbox 757 3735 871 3804; x_wconf 76' lang='lat' dir='ltr'><strong>intelligi</strong></span> <span class='ocrx_word' id='word_1_343' title='bbox 890 3735 1038 3804; x_wconf 78' lang='lat' dir='ltr'><strong>scripture:</strong></span> <span class='ocrx_word' id='word_1_344' title='bbox 1059 3731 1126 3785; x_wconf 86' lang='lat' dir='ltr'><strong>dicit</strong></span> <span class='ocrx_word' id='word_1_345' title='bbox 1143 3725 1333 3784; x_wconf 79' lang='lat' dir='ltr'><strong>eninn“eni1ne</strong></span> 
     </span>
     <span class='ocr_line' id='line_1_38' title="bbox 234 3799 1332 3874; baseline 0.001 -22"><span class='ocrx_word' id='word_1_346' title='bbox 234 3815 319 3852; x_wconf 80' lang='lat' dir='ltr'><strong>ornnu</strong></span> <span class='ocrx_word' id='word_1_347' title='bbox 343 3801 446 3869; x_wconf 86' lang='lat' dir='ltr'><strong>pecoris</strong></span> <span class='ocrx_word' id='word_1_348' title='bbox 468 3811 510 3856; x_wconf 91' lang='lat' dir='ltr'><strong><em>est</em></strong></span> <span class='ocrx_word' id='word_1_349' title='bbox 534 3805 641 3872; x_wconf 72' lang='lat' dir='ltr'><strong>sanguis</strong></span> <span class='ocrx_word' id='word_1_350' title='bbox 662 3799 748 3858; x_wconf 86' lang='lat' dir='ltr'><strong>eius.”</strong></span> <span class='ocrx_word' id='word_1_351' title='bbox 789 3822 871 3874; x_wconf 81' lang='lat' dir='ltr'><strong>porro</strong></span> <span class='ocrx_word' id='word_1_352' title='bbox 888 3802 998 3871; x_wconf 75' lang='lat' dir='ltr'><strong>sanguis</strong></span> <span class='ocrx_word' id='word_1_353' title='bbox 1019 3810 1158 3856; x_wconf 88' lang='lat' dir='ltr'><strong>concretus</strong></span> <span class='ocrx_word' id='word_1_354' title='bbox 1179 3800 1206 3853; x_wconf 90' lang='lat' dir='ltr'><strong><em>in</em></strong></span> <span class='ocrx_word' id='word_1_355' title='bbox 1227 3817 1332 3854; x_wconf 83' lang='lat' dir='ltr'><strong>cernent</strong></span> 
     </span>
     <span class='ocr_line' id='line_1_39' title="bbox 234 3871 1333 3938; baseline 0.001 -17"><span class='ocrx_word' id='word_1_356' title='bbox 234 3875 362 3934; x_wconf 84' lang='lat' dir='ltr'><strong>mutetur,</strong></span> <span class='ocrx_word' id='word_1_357' title='bbox 391 3887 451 3923; x_wconf 89' lang='lat' dir='ltr'><strong>cero</strong></span> <span class='ocrx_word' id='word_1_358' title='bbox 468 3887 517 3923; x_wconf 88' lang='lat' dir='ltr'><strong><em>suo</em></strong></span> <span class='ocrx_word' id='word_1_359' title='bbox 532 3871 643 3926; x_wconf 85' lang='lat' dir='ltr'><strong>interitu</strong></span> <span class='ocrx_word' id='word_1_360' title='bbox 664 3873 693 3925; x_wconf 92' lang='lat' dir='ltr'><strong><em>in</em></strong></span> <span class='ocrx_word' id='word_1_361' title='bbox 712 3882 811 3927; x_wconf 84' lang='lat' dir='ltr'><strong>torrem</strong></span> <span class='ocrx_word' id='word_1_362' title='bbox 827 3872 989 3926; x_wconf 78' lang='lat' dir='ltr'><strong>dissolvitur.</strong></span> <span class='ocrx_word' id='word_1_363' title='bbox 1024 3871 1115 3938; x_wconf 70' lang='lat' dir='ltr'><strong>itaque</strong></span> <span class='ocrx_word' id='word_1_364' title='bbox 1131 3877 1333 3923; x_wconf 78' lang='lat' dir='ltr'><strong>consentaneum</strong></span> 
     </span>
     <span class='ocr_line' id='line_1_40' title="bbox 235 3938 1333 4011; baseline 0 -21"><span class='ocrx_word' id='word_1_365' title='bbox 235 3945 277 3990; x_wconf 88' lang='lat' dir='ltr'><strong><em>est</em></strong></span> <span class='ocrx_word' id='word_1_366' title='bbox 292 3939 426 3990; x_wconf 86' lang='lat' dir='ltr'><strong>brutorum</strong></span> <span class='ocrx_word' id='word_1_367' title='bbox 447 3939 557 3993; x_wconf 84' lang='lat' dir='ltr'><strong>nniusrn</strong></span> <span class='ocrx_word' id='word_1_368' title='bbox 573 3959 633 3994; x_wconf 85' lang='lat' dir='ltr'><strong>esse</strong></span> <span class='ocrx_word' id='word_1_369' title='bbox 649 3949 791 3996; x_wconf 78' lang='lat' dir='ltr'><strong>terrenam.</strong></span> <span class='ocrx_word' id='word_1_370' title='bbox 825 3951 920 4011; x_wconf 85' lang='lat' dir='ltr'><strong>querte</strong></span> <span class='ocrx_word' id='word_1_371' title='bbox 935 3941 980 3994; x_wconf 89' lang='lat' dir='ltr'><strong>die</strong></span> <span class='ocrx_word' id='word_1_372' title='bbox 996 3941 1078 3994; x_wconf 84' lang='lat' dir='ltr'><strong>solem</strong></span> <span class='ocrx_word' id='word_1_373' title='bbox 1093 3939 1180 3993; x_wconf 84' lang='lat' dir='ltr'><strong>ionem</strong></span> <span class='ocrx_word' id='word_1_374' title='bbox 1197 3945 1226 3991; x_wconf 84' lang='lat' dir='ltr'><strong><em>et</em></strong></span> <span class='ocrx_word' id='word_1_375' title='bbox 1243 3938 1333 3990; x_wconf 82' lang='lat' dir='ltr'><strong>stelles</strong></span> 
     </span>
     <span class='ocr_line' id='line_1_41' title="bbox 233 4005 1332 4078; baseline 0 -20"><span class='ocrx_word' id='word_1_376' title='bbox 233 4005 299 4058; x_wconf 85' lang='lat' dir='ltr'><strong>deus</strong></span> <span class='ocrx_word' id='word_1_377' title='bbox 317 4005 393 4060; x_wconf 78' lang='lat' dir='ltr'><strong>iecitr</strong></span> <span class='ocrx_word' id='word_1_378' title='bbox 410 4007 463 4060; x_wconf 88' lang='lat' dir='ltr'><strong>triu</strong></span> <span class='ocrx_word' id='word_1_379' title='bbox 476 4026 567 4078; x_wconf 78' lang='lat' dir='ltr'><strong>opere.</strong></span> <span class='ocrx_word' id='word_1_380' title='bbox 602 4008 765 4064; x_wconf 80' lang='lat' dir='ltr'><strong>ltuninerium</strong></span> <span class='ocrx_word' id='word_1_381' title='bbox 781 4018 855 4066; x_wconf 88' lang='lat' dir='ltr'><strong>ortos</strong></span> <span class='ocrx_word' id='word_1_382' title='bbox 869 4010 1037 4078; x_wconf 83' lang='lat' dir='ltr'><strong>multiplicem</strong></span> <span class='ocrx_word' id='word_1_383' title='bbox 1052 4009 1176 4061; x_wconf 84' lang='lat' dir='ltr'><strong>universo</strong></span> <span class='ocrx_word' id='word_1_384' title='bbox 1192 4005 1332 4059; x_wconf 74' lang='lat' dir='ltr'><strong>utilitatem</strong></span> 
     </span>
     <span class='ocr_line' id='line_1_42' title="bbox 233 4073 1332 4162; baseline 0 -36"><span class='ocrx_word' id='word_1_385' title='bbox 233 4073 337 4142; x_wconf 80' lang='lat' dir='ltr'><strong>attulit,</strong></span> <span class='ocrx_word' id='word_1_386' title='bbox 361 4092 417 4128; x_wconf 83' lang='lat' dir='ltr'><strong><em>cum</em></strong></span> <span class='ocrx_word' id='word_1_387' title='bbox 437 4074 546 4132; x_wconf 85' lang='lat' dir='ltr'><strong>lucendo</strong></span> <span class='ocrx_word' id='word_1_388' title='bbox 567 4091 668 4148; x_wconf 83' lang='lat' dir='ltr'><strong>suoque</strong></span> <span class='ocrx_word' id='word_1_389' title='bbox 684 4080 825 4162; x_wconf 76' lang='lat' dir='ltr'><strong>splendore</strong></span> <span class='ocrx_word' id='word_1_390' title='bbox 839 4081 961 4134; x_wconf 77' lang='lat' dir='ltr'><strong>mundun</strong></span> <span class='ocrx_word' id='word_1_391' title='bbox 976 4077 1076 4133; x_wconf 77' lang='lat' dir='ltr'><strong>elletim</strong></span> <span class='ocrx_word' id='word_1_392' title='bbox 1090 4076 1260 4142; x_wconf 71' lang='lat' dir='ltr'><strong>innuendo,</strong></span> <span class='ocrx_word' id='word_1_393' title='bbox 1277 4083 1332 4127; x_wconf 81' lang='lat' dir='ltr'><strong>turn</strong></span> 
     </span>
     <span class='ocr_line' id='line_1_43' title="bbox 235 4143 1332 4218; baseline 0 -24"><span class='ocrx_word' id='word_1_394' title='bbox 235 4149 296 4194; x_wconf 90' lang='lat' dir='ltr'><strong>ortu</strong></span> <span class='ocrx_word' id='word_1_395' title='bbox 317 4143 442 4212; x_wconf 84' lang='lat' dir='ltr'><strong>obituque</strong></span> <span class='ocrx_word' id='word_1_396' title='bbox 465 4163 513 4199; x_wconf 89' lang='lat' dir='ltr'><strong><em>suo</em></strong></span> <span class='ocrx_word' id='word_1_397' title='bbox 540 4155 658 4216; x_wconf 73' lang='lat' dir='ltr'><strong>ternpore</strong></span> <span class='ocrx_word' id='word_1_398' title='bbox 680 4149 876 4218; x_wconf 74' lang='lat' dir='ltr'><strong>distinguendo.</strong></span> <span class='ocrx_word' id='word_1_399' title='bbox 910 4159 966 4202; x_wconf 86' lang='lat' dir='ltr'><strong>tum</strong></span> <span class='ocrx_word' id='word_1_400' title='bbox 983 4147 1071 4218; x_wconf 72' lang='lat' dir='ltr'><strong>qualis</strong></span> <span class='ocrx_word' id='word_1_401' title='bbox 1085 4147 1162 4214; x_wconf 81' lang='lat' dir='ltr'><strong>signe</strong></span> <span class='ocrx_word' id='word_1_402' title='bbox 1177 4144 1332 4212; x_wconf 68' lang='lat' dir='ltr'><strong>praebeant,</strong></span> 
     </span>
     <span class='ocr_line' id='line_1_44' title="bbox 234 4211 1332 4290; baseline -0.001 -24"><span class='ocrx_word' id='word_1_403' title='bbox 234 4211 296 4266; x_wconf 83' lang='lat' dir='ltr'><strong>luno</strong></span> <span class='ocrx_word' id='word_1_404' title='bbox 311 4211 444 4281; x_wconf 55' lang='lat' dir='ltr'><strong>declarem</strong></span> <span class='ocrx_word' id='word_1_405' title='bbox 461 4214 535 4270; x_wconf 74' lang='lat' dir='ltr'><strong>cuius</strong></span> <span class='ocrx_word' id='word_1_406' title='bbox 548 4233 647 4272; x_wconf 81' lang='lat' dir='ltr'><strong>cornus</strong></span> <span class='ocrx_word' id='word_1_407' title='bbox 660 4224 739 4274; x_wconf 68' lang='lat' dir='ltr'><strong>mute</strong></span> <span class='ocrx_word' id='word_1_408' title='bbox 755 4234 788 4272; x_wconf 84' lang='lat' dir='ltr'><strong>ec</strong></span> <span class='ocrx_word' id='word_1_409' title='bbox 803 4234 872 4288; x_wconf 81' lang='lat' dir='ltr'><strong>pure</strong></span> <span class='ocrx_word' id='word_1_410' title='bbox 886 4217 912 4272; x_wconf 86' lang='lat' dir='ltr'><strong><em>si</em></strong></span> <span class='ocrx_word' id='word_1_411' title='bbox 927 4217 997 4290; x_wconf 85' lang='lat' dir='ltr'><strong>siut,</strong></span> <span class='ocrx_word' id='word_1_412' title='bbox 1010 4224 1172 4272; x_wconf 69' lang='lat' dir='ltr'><strong>constantem</strong></span> <span class='ocrx_word' id='word_1_413' title='bbox 1186 4211 1240 4266; x_wconf 85' lang='lat' dir='ltr'><strong>diei</strong></span> <span class='ocrx_word' id='word_1_414' title='bbox 1257 4227 1332 4266; x_wconf 86' lang='lat' dir='ltr'><strong>sere-</strong></span> 
     </span>
    </p>
   </div>
   <div class='ocr_carea' id='block_1_5' title="bbox 0 0 1537 4784">
    <p class='ocr_par' dir='ltr' id='par_1_5' title="bbox 0 0 1537 4784">
     <span class='ocr_line' id='line_1_45' title="bbox 0 0 1537 4784; baseline 0 0"><span class='ocrx_word' id='word_1_415' title='bbox 0 0 1537 4784; x_wconf 95' lang='lat' dir='ltr'><strong><em> </em></strong></span> 
     </span>
    </p>
   </div>
  </div>
 </body>
</html>
