3025 4784
221 287 310 383 οι·
594 289 774 363 oaonou
799 293 982 363 monam

236 467 268 533 ἓν
296 469 392 555 καιρῷ
422 467 467 554 τῷ
497 463 564 554 ίδίιρ
585 464 620 532 τδ
645 463 741 553 πίρας
760 472 822 533 τῶν
843 467 1115 558 προηητευομίνοιν
1137 445 1335 561 ἓπιηιίροοσα.

235 571 314 654 itta
338 572 371 636 δὲ
396 567 572 653 δαιμονικῆ,
599 571 631 635 ἓν
651 581 715 647 τοῖς
729 578 789 636 τῶν
803 571 956 653 δαιμόνων
976 580 1179 659 θεραπευταῖς
1195 579 1336 663 ἐνεργου-

145 683 168 738 Ρ
184 685 219 741 86
235 676 326 760 μίνη·
353 672 542 758 πολύτροπος
560 674 592 738 δὲ
609 671 703 757 αὕτη,
733 677 784 738 σία
799 671 819 759 ἦ
833 682 894 740 τῶν
908 676 1140 762 ἀλευρομαντῶν
1155 683 1206 743 καί
1224 687 1336 767 κριθο-

233 783 356 864 μαντῶν
380 777 522 861 λεγομίνη
533 825 543 856 ,
570 779 619 840 σία
638 771 658 858 ἦ
676 777 789 841 Πυθία
808 779 864 842 Ικαλ
888 775 908 863 ἢ
931 780 983 844 διὰ
1000 789 1054 864 τῆς
1067 783 1257 860 Δωδωναίας
1279 789 1336 866 λη-
1401 767 1411 782 ⁵

235 887 333 970 ροῦσιε
357 877 466 966 δρυός,
493 875 513 962 ἦ
539 879 591 944 διά
614 885 674 944 τῶν
694 880 874 964 σπλάγχνων
897 886 1025 964 μαντεία
1047 887 1098 948 καλ
1120 882 1140 969 ἦ
1164 886 1206 949 δι’
1224 885 1361 970 δρνίωνὸ

234 983 388 1067 πτήσεως,
410 985 461 1048 καὶ
479 979 498 1066 ἦ
514 982 565 1048 διὰ
581 987 719 1069 κλαηηῶν
734 987 785 1048 καλ
800 992 947 1069 πταρμῶν
959 987 1146 1071 συμβολική·
1169 991 1219 1053 οἵα
1238 985 1258 1072 ἢ
1283 988 1337 1054 διδ

234 1093 381 1174 βροντῆς,
407 1091 510 1170 μυῶν,
537 1091 647 1172 γαλῆς,
673 1094 806 1171 τρισμοῦ
829 1086 943 1168 ξόλων,
976 1090 1053 1166 ῶτδς
1075 1091 1174 1175 ἤχων,
1206 1097 1337 1172 παλμῶν

234 1189 376 1274 σώματος
385 1239 394 1268 ,
422 1190 592 1272 συμβολικὴ
611 1191 661 1254 καλ
679 1189 850 1275 οίωνιστικῆ
869 1193 1021 1276 λεγομίνη.
1073 1184 1110 1276 ἧς
1128 1194 1163 1258 τό
1184 1193 1240 1276 μίν
1256 1197 1338 1260 ἔστιν

234 1289 484 1382 ἀρνεοσκοπικόν,
510 1294 545 1358 'cd
572 1295 605 1358 δὲ
628 1293 841 1375 παλμωτικόν,
866 1294 901 1359 sd
918 1297 952 1360 δὲ
966 1295 1215 1376 οίωνοσιιοπικόν,
1243 1297 1278 1362 cd
1303 1297 1338 1362 δὲ

230 1391 476 1486 χειροσκοπικόν,
503 1396 537 1460 τδ
560 1397 592 1461 δὲ
612 1395 727 1462 ἐνόδιον
747 1395 766 1480 ἢ
788 1397 1030 1480 κληδονιστικόν,
1054 1395 1118 1463 οἷον
1141 1397 1380 1466 innotescero

235 1497 463 1582 παρατυχόντος
487 1500 644 1586 εἰρημένου
666 1501 867 1586 τεκμαίρηταί
884 1527 931 1578 τις
949 1502 985 1566 sd
1006 1501 1163 1583 ἐσόμενον,
1189 1505 1239 1568 καὶ
1263 1491 1339 1568 όταν

238 1602 282 1670 δι’
307 1600 464 1684 ὀνομάτων
484 1609 595 1688 νεκρῶν
617 1601 816 1685 ίπικλῆσεως,
836 1606 886 1667 καὶ
904 1602 977 1669 ὅταν
992 1605 1036 1669 δι’
1057 1603 1176 1690 ἄστρων
1195 1609 1244 1669 καὶ
1258 1604 1339 1670 διδά-

195 1717 220 1772 Β
237 1731 297 1772 τιον
323 1704 345 1788 ἢ
371 1706 493 1792 δνείρων
513 1709 667 1788 ματαίων,
693 1702 751 1770 οἶοι
771 1707 850 1770 καθ’
866 1702 996 1791 ἑκάστην
1009 1714 1084 1774 ποῖσι
1099 1714 1339 1795 προσπίπτουσι·

236 1808 358 1876 σπάνιοι
375 1808 434 1893 γὰρ
453 1810 519 1872 λίαν
535 1808 564 1872 oi
581 1807 700 1874 ἄνευθεν
713 1807 845 1892 ἥκοντες.
898 1801 980 1875 οὗτοι
997 1813 1031 1876 δὲ
1045 1810 1154 1888 πάντες
1171 1810 1338 1894 δαιμονιῶ-
1395 1847 1404 1862 a

237 1915 300 1988 δεις
322 1911 350 1974 oi
372 1909 479 1996 τρόποι
501 1917 556 1994 τῆς
576 1915 763 2000 προφητείας
778 1914 829 1975 καλ
847 1916 1055 1995 στοχαστικοί,
1082 1913 1117 1978 οἳ
1128 1916 1206 1979 κατὰ
1222 1922 1380 1996 cuppis-16

235 2015 330 2099 βηκδς
343 2011 544 2097 ἀληθεύοντες
559 2013 590 2078 ἴν
606 2039 683 2079 τισιν
699 2015 731 2078 tv
745 2023 810 2091 ταῖς
825 2018 976 2092 πλείστοις
988 2014 1224 2102 ἁμαρτάνουσιν.
1260 2017 1338 2101 ἀλλη

236 2120 270 2184 δὲ
293 2121 464 2206 προφητεία
485 2115 616 2204 φυσική,
644 2115 684 2193 ῶς
700 2113 719 2199 ἡ
736 2118 788 2180 διδ
803 2123 863 2183 τῶν
879 2115 1014 2204 ἀλόγων·
1037 2118 1191 2202 χελιδόνες
1209 2120 1340 2206 γὰρκαὶ

234 2220 392 2307 μόρμηκες
412 2223 462 2284 καλ
485 2221 604 2306 μίρανοι
628 2221 722 2302 ἐχῖνοί
741 2230 772 2284 τε
795 2224 845 2284 καλ
872 2219 1014 2298 ἀλκυόνες
1033 2228 1181 2304 χειμῶνος
1204 2221 1340 2299 ἐπιόντος

236 2329 373 2412 φυσικῶς
394 2321 642 2388 ίπαισθόνονται.
695 2320 771 2405 ἀλλη
795 2324 831 2387 δὲ’
848 2321 992 2408 τεχνητή,
1018 2321 1060 2400 ῶς
1079 2321 1098 2408 ἢ
1118 2325 1196 2409 παρ’
1222 2329 1340 2411 ἰατροῖς

235 2430 286 2491 καί
309 2423 508 2510 κυβερνήταις
531 2423 685 2512 δρωμίνη,
710 2425 778 2507 ἥτις
799 2429 973 2508 στοχασμὸς
994 2433 1113 2509 μᾶλλον
1128 2427 1148 2512 ἢ
1166 2431 1382 2514 προρητείαὶλ)

233 2528 475 2614 μετωνόμασται.
528 2531 578 2593 καλ
599 2527 682 2612 παρὰ
703 2525 817 2604 ταότας
837 2526 857 2612 ἡ
879 2527 1025 2614 δημώδης
1043 2555 1075 2596 τε
1095 2533 1147 2595 κοιλ
1167 2529 1253 2614 κοινή
1259 2579 1269 2609 ,
1296 2529 1339 2608 ῶς

196 2633 311 2699 (idrus
336 2631 403 2720 είπη
426 2657 472 2710 τις
494 2629 540 2696 δτι
559 2630 638 2715 μετὰ
653 2639 732 2716 τρεῖς
748 2627 864 2718 ἡμέρας
877 2629 959 2698 ἴαται
972 2631 1105 2718 χειμῶν,
1133 2633 1180 2699 δτι
1197 2635 1338 2721 inprio-

304 2831 338 2884 21
356 2824 536 2896 δημιῶδησΡ
635 2792 641 2806 Χ

234 2999 387 3060 vaticinium
405 2993 584 3050 confirmante.
619 2993 671 3050 alia
689 3013 705 3051 a
721 2996 890 3053 daemonibus
905 2997 1124 3070 proficiscuntur,
1146 2999 1228 3070 inque
1242 2999 1338 3055 borum

235 3071 379 3125 cultoribus
396 3066 578 3120 efficacitatem
596 3075 728 3122 exserunt.
764 3077 857 3138 estque
880 3069 907 3122 id
931 3087 1015 3139 genus
1038 3071 1190 3140 multiplex;
1213 3073 1262 3124 sub
1285 3089 1339 3140 quo

235 3149 300 3196 suot
314 3138 440 3191 uaticinia
457 3153 490 3188 ex
508 3137 594 3188 farina
609 3145 635 3188 et
653 3136 768 3204 hordeo,
788 3137 901 3206 Pythia,
920 3157 1005 3208 nugae
1021 3159 1054 3193 ex
1069 3141 1214 3193 Dodonaea
1227 3157 1339 3209 quercu,

236 3207 418 3279 extispicium,
442 3205 601 3274 auspicium,
619 3206 773 3275 augurium,
790 3216 844 3260 tum
863 3208 1068 3262 conlocutiones
1086 3212 1119 3262 de
1136 3208 1340 3263 sternutationi-

235 3281 299 3345 bus,
325 3277 483 3340 tonitribus,
508 3274 617 3327 murium
631 3275 774 3344 scitumque
790 3278 919 3345 stridore,
941 3277 1086 3346 lignorum,
1113 3279 1214 3332 numum
1229 3279 1339 3346 tinnitu,

232 3348 352 3418 eorporis
370 3357 484 3400 tremore
501 3355 629 3412 sumptae.
666 3347 735 3413 quod
749 3363 833 3414 genus
848 3347 926 3400 etiam
942 3347 1051 3416 auguria
1064 3351 1246 3411 nominantur;
1262 3348 1338 3400 ouius

232 3435 294 3490 pars
311 3426 433 3469 versatur
450 3415 478 3466 in
496 3413 604 3480 avibus,
630 3430 691 3482 pars
709 3414 736 3466 in
753 3416 911 3469 tremoribus
929 3418 1042 3486 partium
1060 3416 1181 3486 corporis
1197 3416 1256 3468 sive
1273 3418 1341 3470 sub-

232 3486 417 3540 sultationibus
438 3482 661 3552 contemplandis,
691 3500 753 3552 pars
778 3485 807 3537 in
831 3486 957 3554 augurio,
989 3503 1050 3555 pars
1072 3487 1100 3538 in
1123 3485 1288 3538 divinatione
1305 3502 1340 3538 ex

230 3571 350 3609 manuum
369 3553 550 3624 inspectione,
575 3569 637 3622 para
657 3552 684 3604 in
705 3552 792 3606 obviis
809 3554 972 3620 rumoribus,
998 3556 1067 3608 unda
1085 3555 1173 3608 omnia
1189 3563 1340 3624 captantur,

231 3641 289 3676 eum
313 3622 408 3675 obvius
434 3621 545 3691 quisque
568 3621 745 3690 interrogatus
770 3623 836 3676 dicit
859 3625 928 3676 unde
951 3625 1066 3676 totorum
1083 3625 1249 3678 coniiciatur.
1283 3632 1341 3676 tum

230 3701 389 3746 mortuorum
409 3690 559 3742 nominatim
577 3689 781 3743 invocandorum
795 3691 879 3759 ratic,
897 3710 930 3744 ex
942 3692 1075 3745 sideribus
1092 3693 1169 3762 aquis
1187 3699 1234 3746 aut
1250 3692 1340 3746 inani·

229 3765 281 3815 bus
298 3759 405 3813 somniis
423 3759 584 3828 praedictio,
609 3759 697 3828 quaiia
715 3760 786 3812 omni
803 3769 881 3813 noete
919 3761 1037 3814 uibusvis
1053 3763 1189 3816 accidunt:
1214 3778 1277 3815 rara
1289 3763 1341 3815 ad-

230 3831 332 3885 modum
350 3837 412 3881 sunt
430 3828 497 3880 enim
515 3827 615 3880 somnia
632 3828 761 3880 diuinitus
779 3828 876 3881 obtata.
899 3779 978 3881 (λοστ
1001 3831 1088 3884 omnia
1111 3830 1273 3884 vaticinandi
1289 3849 1341 3900 ge-

231 3917 296 3954 nera
313 3917 329 3951 a
345 3897 515 3950 daemonibus
532 3909 594 3948 sunt
610 3897 822 3967 coniecturisque
845 3897 1008 3966 innituntur,
1031 3899 1070 3952 ita
1093 3909 1123 3953 ut
1145 3917 1195 3969 per
1214 3899 1340 3953 accidens

231 3971 260 4022 in
279 3967 432 4038 quibusdam
451 3981 541 4018 verum
565 3966 713 4034 attingunt,
741 3966 769 4018 in
794 3966 928 4036 plerisque
945 3969 1078 4022 aberrent.
1114 3980 1157 4024 est
1172 3977 1201 4021 et
1217 3967 1268 4021 aliu
1288 3985 1339 4022 na·

232 4038 325 4092 turalis
342 4035 470 4089 divinatio
488 4035 633 4087 brutorum.
670 4033 765 4086 etenim
782 4035 935 4091 hirundines
951 4037 1077 4092 sermione
1093 4055 1173 4106 grues
1190 4038 1279 4091 echini
1295 4047 1339 4092 at-

232 4125 284 4176 que
303 4106 426 4175 alcyones
444 4110 625 4172 tempestatem
643 4111 810 4172 appetentem
824 4113 932 4157 naturae
947 4107 1044 4160 monitu
1058 4107 1251 4176 praesentiunt.
1285 4106 1342 4165 uiis

234 4175 394 4241 artificiosa,
418 4173 519 4242 qualem
539 4172 633 4224 medici
653 4181 680 4224 et
697 4174 887 4239 gubernatores
906 4177 1062 4240 ostendunt3
1084 4194 1152 4246 quae
1168 4187 1255 4228 tamen
1273 4194 1341 4228 con-

232 4245 341 4297 iectatio
365 4243 452 4312 potius
471 4249 512 4294 cst
528 4257 604 4310 quam
626 4240 755 4294 divinatio
774 4240 914 4310 appellata.
950 4257 1058 4313 praeter
1075 4243 1121 4298 has
1137 4243 1255 4314 uulgaris
1270 4261 1341 4312 quo-

232 4328 284 4383 que
302 4313 355 4366 istc
372 4319 400 4366 et
414 4311 572 4379 communis,
591 4317 619 4364 ut
632 4327 689 4364 cum
703 4309 764 4378 quis
779 4310 846 4364 dicit
857 4319 919 4382 post
934 4314 1049 4367 viduum
1065 4314 1125 4368 t'ore
1141 4323 1340 4383 tempestatem.
