3025 4784
225 213 276 286 60
477 273 480 282 .
584 211 767 285 GEORGII
787 213 969 282 cunnum

223 388 279 454 τὶν
290 387 481 474 Νεφθαλίμ,
503 388 537 454 ἐκ
552 388 587 454 δὲ
602 394 657 471 τῆς
675 385 804 476 Δελφοῖς
817 389 870 454 τὶν
888 389 919 452 Γ
916 389 957 452 ὶιδ
970 389 1023 454 καὶ
1036 387 1090 452 τὶν
1101 381 1204 471 Ἀσήρ.
1246 389 1327 452 elno·

225 493 299 558 στὸν
319 493 419 558 τοίνυν
439 490 505 568 έτος
528 494 694 576 διατρίψας
712 491 791 575 μετὰ
810 498 866 558 τοῦ
887 491 1008 572 Λαβιὶν
1025 491 1143 574 ἀπέδρα
1163 492 1195 566 ὶξ
1219 489 1325 567 αὑτοῦ,

223 595 310 672 ὄντος
331 602 384 660 τοῦ
409 595 532 682 Ἰωσήφ
549 595 669 682 χρόνων
688 601 791 680 τριῶν.
843 598 1008 678 διαβαίνων
1031 595 1065 660 δέ
1086 593 1138 658 τὶν
1160 591 1324 678 Ἰορδάνην
1502 609 1503 686 l

223 695 414 782 έπευλογήθη
439 701 490 762 καὶ
513 698 686 782 μειεκλήθη
705 694 848 786 Ἰσραήλ.
900 695 916 763 ὑ
938 699 972 763 δὶ
985 697 1104 777 Ἰακοὶβ
1119 703 1174 778 τῆς
1190 694 1325 780 ὁράσεως

222 801 430 885 ὑπομνησθεὶς
444 801 481 884 ἣν
495 801 645 868 ἐθεάσατο
661 801 738 866 κατὰ
752 802 809 885 τήν
822 801 926 889 ἄφιξιν
940 801 994 883 τήν
1010 805 1053 875 είς
1068 803 1350 881 Μεσοποταμίαν,6

224 907 380 991 ἀνέρχεται
395 909 437 982 είς
452 903 590 988 Βαιθήλ.
641 904 720 970 ένθα
733 908 970 988 κατακοιμηθεὶς
987 901 1045 968 εὶδε
1058 902 1092 967 τὶ
1107 901 1222 986 ὅραμα.
1272 905 1325 966 καὶ

223 1006 324 1074 πάντα
349 1007 584 1084 ἀποδεκατώσας
607 1007 628 1072 t*
652 1009 789 1092 ἐκέκτητο
800 1057 810 1086 ,
840 1015 1012 1074 τελευταῖον
1032 1003 1198 1086 ὑποβάλλει
1221 1003 1325 1090 κλήρῳ

224 1113 295 1189 τοὺς
309 1115 421 1188 παῖδας
427 1161 437 1190 ,
458 1114 507 1176 καὶ
525 1111 579 1176 τδν
592 1113 676 1176 Λευὶ
689 1117 732 1198 τῷ
746 1117 814 1199 θεῷ
828 1111 966 1197 δφιεροῒ,
996 1110 1072 1174 έτιῦν
1083 1106 1260 1193 ὑπάρχοντα
1273 1104 1326 1190 ιη’,

133 1223 155 1273 Ρ
173 1223 209 1277 34
224 1220 276 1282 καὶ
299 1215 440 1302 ἀρχιερέα
463 1214 669 1292 ἀναδείκνυσι,
704 1215 829 1278 δέκατον
850 1213 925 1278 άντα
945 1213 1006 1278 ἀπδ
1025 1211 1153 1294 ε’σχάτου
1175 1211 1254 1276 κατὰ
1272 1212 1326 1275 τδν

223 1327 290 1404 τήςε
305 1319 512 1404 ἀστρολογίας.
559 1314 701 1401 Ῥαυβεὶμ
722 1317 782 1403 γάρ
802 1317 854 1382 διὰ
876 1316 933 1399 τήν
952 1315 1111 1398 παλλακὴν
1133 1321 1188 1378 τοῦ
1209 1314 1369 1401 πατρδςλδ

225 1421 377 1507 ἐστερήθη
400 1428 455 1505 τῆς
475 1447 508 1486 τε
531 1423 688 1503 βασιλείας
709 1423 762 1485 καὶ
786 1426 841 1502 τής
856 1417 1040 1506 ὶερωσάνης,
1063 1415 1256 1503 πρωτότοκος
1272 1417 1325 1483 ὤν.

225 1523 370 1601 ἐλθόντος
385 1525 417 1587 δὲ
434 1531 487 1588 τοῦ
502 1522 621 1605 Ἰακαὶβ
637 1526 765 1606 πλησίον
781 1524 917 1605 Σικίμων
939 1527 982 1599 εὶς
1000 1519 1089 1584 πάλιν
1106 1519 1232 1602 Σαλήμ,
1251 1518 1327 1608 ὑφί-

226 1655 334 1696 σταται
352 1623 411 1692 ὑπδ
428 1627 524 1709 Σιχὶμ
539 1629 596 1710 τὴν
609 1630 682 1708 βίον
695 1621 714 1708 ή
729 1627 826 1690 Δίκα·
851 1629 903 1690 καὶ
922 1627 1081 1690 έκιὶικεῖται
1098 1625 1184 1708 παρίι
1197 1623 1326 1707 Συμεοὶν

227 1735 277 1796 καὶ
288 1731 387 1808 Λευί,
411 1733 500 1794 παντὶ
512 1728 615 1818 τρόπῳ
629 1730 880 1814 διαχρησαμένων
894 1728 965 1805 τοδς
977 1731 1045 1812 περὶ
1058 1727 1112 1791 τδν
1125 1729 1231 1809 Σιχέμ.
1281 1725 1327 1792 ἔτι

227 1837 260 1901 tt
275 1838 366 1901 τίκτει
381 1830 526 1916 ήῬαχήλ
539 1839 581 1920 τῷ
596 1832 713 1912 Ἰαιιοὶβ
725 1833 778 1897 τὶν
792 1834 951 1912 Βενιαμίν,
975 1834 1028 1895 καὶ
1042 1828 1247 1911 τελευτήσασα
1260 1830 1369 1894 tit-15

226 1963 331 2004 πτεται
345 1938 376 2000 έν
389 1943 432 2022 τῷ
446 1935 622 2024 Εάφρανθᾷ
628 1984 638 2014 ,
665 1935 742 2000 ίνθα
755 1941 809 1998 νῦν
820 1938 900 2000 ἐστὶν
915 1931 935 2017 ἡ
949 1934 1111 2016 Βηθλεέμ·
1137 1933 1250 2014 μεταξὺ
1265 1934 1325 2018 γάρ

224 2049 280 2125 τῆς
292 2039 437 2123 Βηθλεέμ
450 2042 500 2104 καὶ
515 2044 569 2122 τῆς
582 2034 787 2124 Ἰερουσαλήμ
793 2085 804 2116 ,
824 2042 866 2113 είς
882 2037 934 2102 τδν
948 2035 1153 2121 ἱππόδρομον,
1174 2035 1195 2120 ἦ
1210 2036 1326 2124 λάρναξ

224 2146 287 2210 ἐστὶ
309 2149 364 2226 τῆς
380 2140 508 2224 Ῥαχήλ,
534 2138 727 2226 ὑπερκειμένη
750 2147 805 2224 τῆς
825 2147 890 2225 γῆς.
941 2143 992 2205 καὶ
1016 2140 1119 2221 ἐπειδὴ
1139 2141 1175 2206 τδ
1194 2143 1227 2204 ίκ
1241 2144 1326 2206 Λευὶ

184 2251 207 2306 Β
227 2248 312 2333 γένος
329 2247 375 2310 ίπὶ
389 2245 507 2331 Ἀαραὶν
524 2245 698 2332 κατατρέχει
714 2247 764 2308 καὶ
778 2246 940 2328 Mutato,
966 2235 1009 2308 ιὺν
1027 2239 1044 2307 ὑ
1065 2243 1121 2323 μὶν
1142 2241 1286 2329 ὶερατεάει
1308 2239 1325 2308 ὑ

226 2352 261 2415 δέ
284 2357 448 2435 στρατηγεῖ
464 2355 508 2434 τῷ
529 2353 613 2435 λαῷ,
640 2344 762 2424 εὶκάτως
781 2351 814 2424 έξ
838 2345 939 2411 αὑτῶν
962 2345 1150 2428 λαμβάνεται
1171 2343 1191 2429 ή
1215 2348 1248 2411 έκ
1269 2353 1371 2413 zotto

220 2454 339 2534 Ἰακὼβ
357 2453 539 2536 γενεαλογία.
587 2448 727 2530 Ῥεβέκκα
747 2451 784 2515 δέ
789 2496 799 2528 ,
825 2449 868 2526 άὶς
887 2474 981 2534 φησιν
998 2448 1152 2532 Ἰώσηπος
1166 2451 1199 2514 έν
1213 2458 1250 2536 τῇ
1267 2451 1326 2535 ἀρ-

222 2557 380 2647 χαιολογίιγ
386 2602 397 2633 ,
416 2554 524 2638 ἠξίωσε
538 2554 592 2622 τδν
604 2553 716 2620 Ἷσαιὶιι
731 2553 852 2640 ἀγαγεῖν
863 2554 963 2618 Ἠσαῦ
977 2557 1030 2619 καὶ
1040 2553 1158 2635 ἓιὶαιιοὶβ
1169 2556 1220 2622 καὶ
1235 2557 1326 2619 διαλ-

223 2853 290 2908 Beln
311 2850 413 2904 Danum
438 2869 469 2905 ee
489 2849 718 2920 Nephthnlhnum‚
746 2869 780 2904 ex
799 2849 903 2922 Delphe
923 2851 1027 2904 Gedutu
1045 2853 1126 2918 etque
1141 2848 1274 2904 honorem.
1309 2867 1328 2904 e

224 2923 334 2974 Lebono
357 2929 442 2972 eutem
459 2921 592 2989 profugit,
617 2937 674 2973 eum
691 2921 761 2990 epod
785 2937 844 2973 euin
865 2920 962 2988 viginti
984 2937 1066 2973 ennoe
1086 2920 1194 2987 linisset,
1221 2919 1327 2973 trimulo

225 3001 280 3043 tum
304 2989 432 3056 losepho;
460 2989 667 3058 transmissoque
688 2990 802 3043 lordono
826 3007 841 3042 a
868 2991 917 3042 deo
940 2990 1003 3042 felix
1020 3005 1079 3042 esee
1096 2989 1217 3056 iubetur,
1244 2998 1327 3057 etque

224 3057 317 3111 Ioreeli
333 3075 427 3110 nornen
447 3058 480 3110 eb
502 3060 593 3111 eodem
612 3058 719 3126 accipit.
755 3058 867 3128 proinde
883 3059 1038 3112 recordatus
1055 3057 1165 3110 vieionie
1182 3075 1258 3127 quem
1276 3075 1326 3112 ouo

223 3131 251 3181 in
271 3127 488 3196 Mesopotamium
506 3127 619 3180 adventu
636 3127 755 3196 videret,
783 3128 919 3181 Betheleni
937 3127 1088 3196 adscendit,
1113 3127 1160 3180 ubi
1181 3146 1229 3196 per
1247 3127 1326 3197 qnie-

224 3207 277 3252 tetn
296 3196 364 3248 vlelo
382 3198 433 3250 iste
451 3195 477 3249 el
494 3205 661 3268 apparuerat.
696 3197 735 3250 ihi
756 3215 815 3251 euin
841 3198 928 3250 omnio
944 3215 992 3250 oue
1008 3199 1078 3250 bone
1094 3196 1265 3263 denotasset,
1290 3198 1326 3251 nd

224 3277 368 3320 extrenum
390 3266 501 3320 filiorum
525 3283 629 3335 quoqne
650 3267 772 3321 institute
786 3267 927 3320 sortitione
943 3266 1036 3319 Leviin
1052 3283 1146 3319 annum
1164 3267 1260 3319 oetutie
1276 3267 1326 3318 de-

225 3337 317 3389 cimum
334 3345 453 3388 octavum
470 3345 590 3404 egentem
608 3338 657 3389 deo
676 3337 854 3404 consecravit,
876 3355 908 3389 oo
925 3353 983 3389 eum
1000 3337 1162 3388 sacerdotem
1180 3335 1326 3402 constituit,

225 3403 323 3469 eretis
341 3406 456 3459 decimus
475 3407 507 3458 eb
526 3405 629 3473 ultimo,
646 3406 786 3459 secundum
801 3403 989 3474 astrologiae*
1008 3405 1133 3458 Rubenus
1148 3405 1216 3456 enini
1233 3405 1267 3456 ob
1282 3404 1325 3456 vi·
1353 3402 1357 3409 '

223 3473 316 3526 tietnni
337 3475 419 3542 petris
436 3473 569 3544 pellicem,
588 3476 753 3544 quantumvis
769 3475 853 3546 primo
872 3475 983 3527 ninnium
1000 3483 1076 3526 netue
1095 3481 1179 3540 eeeet,
1201 3483 1229 3526 et
1241 3490 1325 3542 regno

224 3551 253 3596 et
274 3543 423 3594 sacerdotio
446 3543 573 3611 spoliatus
594 3545 654 3598 luit.
690 3562 747 3597 eum
773 3545 884 3598 Iecobne
907 3561 992 3614 prope
1015 3543 1162 3595 Sichennun
1183 3542 1210 3594 in
1233 3545 1326 3595 orbem

224 3610 352 3664 silenem
369 3613 501 3680 venisset,
528 3613 664 3668 Sichemue
680 3613 767 3666 Dinee
785 3633 833 3684 per
849 3613 902 3666 vim
920 3624 1036 3681 stuprum
1053 3611 1159 3679 intulit,
1182 3629 1258 3680 quem
1276 3611 1327 3664 ulti

224 3689 286 3732 sunt
301 3680 407 3732 Simeon
422 3691 452 3748 ,et
469 3681 566 3750 Levis,
592 3683 772 3736 internecione
790 3683 884 3736 occisio
906 3699 963 3734 euin
981 3681 1104 3733 Siohenio
1120 3681 1233 3734 civibus.
1268 3681 1325 3733 Re-

223 3749 281 3802 chel
300 3766 378 3816 pon-o
396 3748 473 3802 ellum
490 3752 588 3804 Incubo
606 3751 685 3806 lilium
703 3753 823 3823 peperit,
840 3751 1019 3805 Beuiemlnutn
1036 3751 1155 3816 ιιοοιὶιιος
1174 3769 1206 3803 ee
1222 3759 1326 3803 mortue

224 3818 294 3888 epud
312 3819 450 3870 Eufraten
467 3820 608 3888 sepelitur,
625 3823 669 3873 uhi
686 3839 754 3875 nnnc
772 3831 813 3875 eet
829 3821 1014 3874 Bethlehem:
1033 3821 1129 3872 etenim
1148 3837 1238 3873 verene
1257 3819 1325 3872 Hie-

222 3887 357 3954 roeolytne
373 3905 389 3940 e
406 3887 590 3954 Bethlehem,
613 3907 665 3958 que
682 3891 744 3958 equi
760 3893 918 3955 deourrunt,
945 3905 1025 3959 eupre
1042 3898 1139 3942 terrain
1159 3897 1248 3943 exstet
1264 3889 1324 3958 cip-

225 3975 275 4029 puo
296 3956 426 4010 Reehelie.
462 3965 489 4008 et
503 3957 625 4025 quoniam
640 3958 721 4011 Levle
738 3977 821 4026 genno
838 3961 871 4012 ed
890 3959 1021 4010 heronem
1037 3969 1117 4026 etque
1133 3959 1227 4012 Mosen
1242 3975 1327 4027 usque

227 4027 357 4098 pertinet,
383 4042 492 4096 quorum
510 4025 578 4079 elter
592 4030 718 4080 sacerdos
734 4027 801 4082 elter
817 4031 911 4081 duotor
930 4028 1020 4097 populi
1038 4028 1101 4094 luit,
1123 4037 1327 4082 consentaneum

225 4095 278 4150 fuit
303 4113 391 4152 eorum
416 4113 499 4163 genus
524 4097 557 4149 nb
581 4095 678 4148 Ieoobo
696 4097 793 4167 repeti.
828 4097 879 4150 inin
898 4098 1182 4168 Rebeoceeloeepho
1199 4098 1326 4168 inopere

227 4166 262 4218 tle
280 4167 436 4235 antiquitate
452 4165 559 4219 ludaico
575 4165 730 4235 perhibetur
747 4185 764 4218 e
779 4167 873 4220 merito
891 4166 941 4219 hoc
956 4167 1136 4236 contendisse,
1155 4176 1185 4222 ut
1202 4167 1230 4219 in
1246 4183 1327 4220 unum

227 4235 369 4291 conductui
385 4236 483 4290 lleeutn
497 4243 526 4290 et
541 4236 664 4290 Iacobum
677 4234 704 4288 in
717 4235 829 4306 gretiam
845 4244 959 4291 nomem
977 4249 1129 4308 reponeret.
1159 4237 1261 4291 teoioee
1275 4237 1327 4290 hoe
