3025 4784
411 289 708 360 msuotttstttnt
737 291 1031 363 COMPENDIUM.
1195 293 1273 368 617

173 465 309 532 σιλίσκον
322 464 476 552 ἐξαγαγών
487 471 542 548 τῆς
555 465 712 550 ίκκλησίας
724 455 746 553 ᾗ
758 463 818 552 πρό
832 462 944 531 rodaco
958 461 1177 554 προσπίφιυγε,
1191 467 1270 548 μετὰ

171 571 301 653 μυρίους
322 569 432 656 ὅρκους
455 568 718 657 φρικωδεστάτους
735 571 856 654 ίξορίζει
873 570 905 634 ἓν
923 571 1094 658 Κουκουσρλ
1107 563 1163 651 τῆς
1176 573 1270 636 Καπ-

172 675 340 752 πιιδοκίας,
367 673 548 750 ἀποκλείσας
564 675 597 738 δὲ
613 675 656 750 είς
673 674 724 738 ἵνα
741 669 857 758 πόρνον
876 673 933 738 chr
951 675 1069 757 γυναικὶ
1088 675 1140 736 καὶ
1157 675 1273 751 τίκνοις

172 779 253 861 λιμῷ
273 777 456 862 διαφθείρει.
508 773 665 860 Τιμόθεόν
683 801 716 842 τε
735 773 789 840 τόν
803 773 961 862 Αἷλουρον
976 775 1192 855 ἀνεκαλέσατο,
1217 780 1269 841 καί
1300 852 1305 870 ι

147 881 295 964 alliacen
309 878 361 944 τόν
376 877 505 966 Κνυφία
520 877 724 966 κρυπτόμενον
738 880 771 942 ἓν
786 885 825 966 τῇ
838 885 918 965 μονῇ
931 885 993 944 τῶν
1008 877 1190 962 ἀκοιμήτων,
1217 883 1269 944 καί

172 979 240 1046 ὅσοι
261 979 346 1046 ἀλλοι
365 983 472 1068 ίχθροί
492 989 547 1066 τῆς
569 979 657 1067 ἁγίας
681 983 713 1047 ἓν
727 980 906 1066 Χαλκηδόνι
929 978 1059 1047 συνόδου
1082 981 1270 1068 ἀπαρρησιά-

172 1085 257 1164 ζοντσ
282 1085 360 1150 κατὰ
383 1091 437 1168 τῆς
458 1083 614 1169 ἀληθείας.
666 1081 901 1172 όδίΛίλουρος
919 1084 1099 1171 συναγαγών
1120 1083 1270 1164 ἀτάκτους

168 1185 388 1274 Ἀλεξανδρεῖς
408 1189 613 1271 ἐνδημοῦντας
633 1193 678 1276 τῷ
697 1191 873 1276 Βυζαντίῳ,
906 1187 937 1252 la
956 1195 1012 1253 τοῦ
1025 1190 1175 1254 παλατίου
1192 1188 1271 1275 πρός

170 1289 227 1373 τὴν
240 1290 399 1374 ίκκλησιάν
413 1283 509 1374 ἦλθεν
524 1289 724 1375 ίποχοόμενος
739 1289 819 1372 όνον,
839 1293 889 1357 καί
902 1291 959 1374 τὴν
969 1290 1160 1376 Ὀκτάγιυνον
1172 1318 1269 1358 κατα-

129 1405 165 1460 10
174 1391 278 1474 λαβών
294 1397 434 1472 πιανθείς
458 1398 617 1480 συνετρίβη
640 1395 694 1460 τόν
714 1395 812 1474 πόδα,
847 1397 898 1460 καὶ
918 1394 987 1476 μετ’
1011 1393 1155 1478 αίσχόνης
1181 1397 1276 1462 ἀνιεῖ·
1312 1451 1325 1474 ,

172 1515 296 1580 στρεψε.
346 1504 454 1562 τοῦτον
473 1492 687 1574 δΒασιλίσκος
710 1497 755 1566 ότι,
772 1497 820 1564 (ἀν’
835 1497 913 1580 μετὰ
934 1497 1037 1564 τόπων
1053 1501 1095 1575 είς
1113 1497 1308 1576 ’Aithaia-n
1340 1538 1344 1546 .

174 1601 277 1682 δριιαν
289 1599 367 1664 κατδ
378 1607 434 1682 τῆς
451 1599 581 1666 συνόδου
596 1603 772 1683 tetartaeo.
823 1601 858 1666 δν
877 1599 992 1678 ίδόντες
1014 1597 1222 1684 είσερχόμενον
1238 1605 1270 1667 ίν

167 1701 391 1793 Ἀλεξανδρείᾳ
415 1703 444 1767 oi
463 1706 654 1770 unouducrul
674 1703 803 1790 ἠρώτων
826 1701 1012 1788 “ίψώμισας
1037 1704 1110 1781 τοδς
1135 1704 1270 1789 ίχθροός

172 1829 245 1883 σου,
268 1804 398 1889 πιίπα,·”
426 1802 498 1871 δδί
511 1805 583 1872 “vul
606 1806 702 1884 οὕτως
725 1805 893 1890 latttsipuunu
921 1808 1082 1894 ἀπεκρίθη.
1134 1811 1184 1872 καί
1199 1809 1266 1873 Πί-

130 1919 244 1990 torpor
268 1910 301 1973 δὲ
322 1909 374 1974 τόν
390 1910 521 1996 Κναφία
543 1913 585 1986 είς
603 1907 809 1993 Ἀντιόχειαν,
833 1913 884 1976 καί
901 1911 1095 1998 ἀμφοτέρους
1114 1911 1193 1975 κατά
1211 1919 1274 1995 τῆς

172 2011 321 2094 ἀληθείας
342 2013 512 2078 ἀπίστειλεν
536 2011 705 2096 ίνισχόσας.
764 2011 781 2078 ὁ
803 2015 837 2079 dd
858 2016 1089 2101 Σαλοφακίολος
1111 2011 1268 2095 Τιμόθεος

171 2115 332 2192 ίιιίσκοπος
351 2115 591 2202 Ἀλεξανδρείας
609 2122 699 2182 τοῦτο
724 2113 858 2193 ἀκούσας
872 2115 1066 2202 ἀπεχώρησεν
1086 2117 1119 2180 ἐν
1131 2127 1196 2192 τοῖς
1207 2143 1269 2206 μο-
1332 2118 1337 2126 ’

170 2221 345 2302 ναστηρίοις
359 2226 415 2284 τοῦ
428 2215 593 2298 Κανώπου,
620 2210 662 2284 ὧν
676 2218 801 2304 ἐγεγόνει
817 2223 868 2284 καί
882 2227 937 2302 τῆς
948 2216 1114 2304 ἀσκήσεως.
1146 2221 1269 2305 Πίτρος

172 2322 206 2386 dd
221 2317 237 2386 ό
253 2323 399 2408 Κνιιφεδς
412 2322 595 2403 καταλαβών
610 2321 662 2386 τόν
673 2321 790 2407 θρόνον
805 2326 848 2399 είς
862 2324 1044 2405 ἀναθίματα
1064 2325 1114 2387 καί
1129 2321 1269 2409 ταραχὰς

126 2424 353 2510 Ξθίξώρμησεν.
406 2423 480 2490 ὅθεν
507 2423 596 2513 φόνοι
621 2429 671 2490 καί
694 2429 826 2512 ταραχαί
852 2427 903 2490 διδ
928 2426 984 2507 τὴν
1005 2423 1187 2512 προσθήκην
1211 2431 1267 2492 τοῦ

168 2532 324 2613 τρισαγίου
339 2525 512 2614 γεγόνασιν·
539 2528 629 2606 αάτδς
642 2527 701 2615 γὰρ
716 2530 913 2614 προστίθεικε
928 2525 994 2594 τόδ
1011 2532 1203 2615 σταυρωθείς
1218 2529 1307 2599 δι’·ο

114 2642 119 2658 ·
169 2627 261 2712 ἡμᾶς.
313 2634 499 2708 Βασιλίσκος
523 2631 557 2696 δὲ
579 2629 663 2719 τόπερ
682 2639 789 2719 γενικῷ
810 2632 867 2716 τὴν
890 2634 923 2698 ἓν
935 2629 1113 2715 Χαλκηδόνι
1139 2629 1269 2698 οδνοδον

170 2735 319 2818 ίξίβαλεν,
348 2733 501 2802 Ἀκόκιον
520 2735 574 2801 τόν
590 2735 940 2814 Κωνσταντινουπόλειος
965 2733 1109 2812 κελεόσας
1130 2734 1167 2800 τό
1193 2735 1268 2803 abal

168 2928 281 2984 invadit.
316 2931 471 3000 confugerat
487 2929 514 2984 in
531 2927 620 2984 lanum
637 2929 767 3000 quoddam
783 2929 942 2984 Basiliscase
966 2929 1029 2984 inde
1043 2947 1100 2986 eum
1116 2931 1207 3000 Zeno,
1224 2931 1269 2986 ia-

168 3001 292 3054 ramentis
317 3017 347 3052 se
364 2999 480 3070 plurimis
498 3007 576 3069 atquc
594 3001 703 3052 maxims
719 2999 881 3054 terribilibus
898 2999 1033 3069 obligans,
1061 3001 1163 3068 educit,
1187 3001 1269 3071 inque

169 3069 298 3122 Cucusum
317 3067 503 3140 Cappadociae
520 3067 643 3137 oppidum
659 3068 779 3137 relegat,
804 3069 895 3140 ibique
912 3087 968 3122 cum
987 3085 1069 3122 uxore
1086 3079 1114 3122 et
1130 3071 1222 3122 liberis
1239 3071 1267 3122 in

168 3153 245 3190 uttam
269 3137 359 3190 turrim
385 3138 530 3190 conclusam
555 3139 623 3190 lame
646 3149 748 3191 enecat.
784 3138 853 3191 idem
871 3139 945 3191 Zeno
961 3138 1127 3190 Timotheum
1143 3139 1267 3192 Aelurum

167 3207 319 3272 revocavit,
345 3215 372 3260 et
388 3207 493 3260 Petrum
509 3206 676 3274 Cnaphenm,
700 3209 743 3275 qui
759 3207 830 3262 inter
847 3208 979 3260 insomnes
997 3207 1136 3260 monachos
1152 3207 1266 3260 delitue-

168 3287 220 3344 rat,
235 3277 355 3346 aliosque
372 3276 434 3328 item
450 3275 539 3328 hostes
557 3273 778 3329 Chalcedonensis
794 3277 914 3343 concilii,
935 3276 981 3346 qui
998 3275 1081 3327 libero
1101 3293 1147 3328 ore
1163 3275 1265 3329 verita-

168 3353 220 3400 tum
238 3347 444 3398 insectabantur.
478 3343 590 3398 Aelurus
607 3343 796 3398 Alexandrinos
813 3346 988 3401 turbulentos,
1008 3343 1053 3412 qui
1071 3343 1195 3411 Byzantii
1211 3354 1266 3400 tum

168 3415 421 3486 peregrinabantur,
447 3429 503 3465 cnm
522 3412 695 3481 adscivisset,
721 3431 737 3468 a
760 3414 857 3484 palatio
881 3415 913 3467 ad
932 3411 1053 3483 templum
1071 3415 1146 3466 asino
1162 3425 1265 3484 rectus,

168 3501 225 3536 cum
243 3485 275 3536 ad
293 3485 457 3552 Octagonum
473 3482 653 3552 pervenisset,
680 3482 769 3554 lapsus
791 3485 883 3553 pedem
908 3483 989 3552 fregit
1013 3498 1044 3534 ac
1061 3500 1118 3535 cum
1135 3483 1265 3538 dedecore
1327 3480 1331 3488 ’

169 3563 210 3606 est
227 3569 360 3606 reversus.
396 3569 453 3604 aum
470 3551 611 3605 Bratltacua
637 3551 722 3606 adbuc
744 3569 830 3605 rerum
856 3570 961 3623 compos
987 3567 1044 3604 cum
1061 3553 1134 3622 typis
1151 3553 1266 3607 Alexan·

167 3623 256 3676 dream
281 3623 387 3675 miserat
410 3627 440 3673 nt
463 3621 676 3674 chalcedonense
699 3621 836 3674 concillum
859 3623 1034 3692 impugnaret.
1077 3639 1152 3690 quem
1176 3624 1269 3690 ingre-

167 3691 281 3746 dientem
298 3691 486 3744 Alexandream
511 3690 631 3742 videntes
649 3699 795 3744 sectatores
821 3690 877 3743 eius
904 3692 1100 3759 interrogarunt
1118 3686 1269 3758 “numnsm,

168 3778 184 3812 o
203 3776 284 3830 papa,
309 3760 361 3812 tuis
383 3759 503 3812 hostibus
520 3761 631 3812 bucceas
649 3755 840 3828 praebuisti‘t''
873 3760 1013 3828 respondit
1029 3760 1073 3812 ille
1088 3753 1210 3813 “omnino
1228 3760 1268 3814 eis

167 3829 253 3882 cibum
271 3829 308 3882 ita
326 3823 458 3897 porrexi?
491 3829 599 3882 Petrum
617 3845 722 3898 quoque
739 3828 891 3899 Cnaplteum
906 3828 1076 3882 Antiocheam
1094 3830 1185 3883 eodem
1203 3847 1268 3882 con-

167 3897 227 3951 silio
252 3897 428 3966 ablegaverat.
466 3903 494 3950 at
519 3896 718 3966 salophaciolus
743 3897 900 3951 Timotheus
923 3898 1103 3952 Alexandreae
1127 3899 1268 3968 episcopus

167 3967 209 4019 his
224 3967 320 4018 auditis
337 3963 449 4018 recessit
465 3966 498 4017 ad
518 3967 676 4018 monasteria
694 3966 831 4034 Canopica
846 3983 909 4020 suae
925 3967 1090 4036 disciplinae.
1125 3967 1267 4036 cnapheus

166 4034 324 4104 simulatque
342 4035 442 4103 potitus
459 4043 500 4087 est
514 4034 684 4104 episcopatu,
707 4035 917 4089 damnationibus
939 4044 967 4089 et
986 4035 1139 4089 tumultibus
1160 4052 1267 4106 operatu

166 4105 285 4158 navarit.
321 4103 383 4155 inda
400 4103 494 4156 caedes
512 4115 591 4172 atque
609 4107 702 4157 turbae
722 4104 854 4172 existere,
879 4115 1023 4176 propterea
1039 4105 1109 4172 quod
1125 4105 1268 4175 Cnaplteus

167 4173 332 4227 satanissimu
349 4171 456 4224 carmini
474 4173 616 4226 adiecisset
636 4167 701 4242 “qui
724 4174 865 4226 crucifixus
887 4191 916 4226 es
940 4191 989 4246 pru
1013 4168 1118 4227 nobis.’'
1152 4183 1268 4236 ceterum

165 4242 310 4296 Basilisene
327 4239 442 4310 generali
459 4241 545 4294 adino
562 4241 697 4294 concilium
712 4242 927 4296 chalcedonense
945 4243 1085 4298 reiecerat.
1114 4243 1185 4313 quod
1199 4243 1269 4296 idem

166 4327 224 4367 eura
241 4312 346 4368 iuberet
361 4311 451 4366 lacere
466 4310 589 4366 Acacium
606 4309 773 4383 cpolitanum
792 4312 959 4384 episcopum,
982 4319 1042 4367 tota
1056 4313 1121 4366 ttrbs
1137 4327 1194 4367 cun
1210 4328 1269 4366 oau-
