3025 4784
415 266 708 338 msmfflsntsrt
732 269 1024 347 consutorum.
1194 273 1271 349 499

168 435 402 528 φθίγγεσθιιι.”
454 435 585 522 occidnut
605 443 651 530 τῷ
671 435 751 532 λόγῳ
774 439 920 530 ἐφιμιόθη
939 444 992 511 καλ
1013 445 1132 532 γέγονεν
1144 447 1269 529 άλαλος.

167 540 235 610 τότε
251 541 376 625 σεισμδς
391 542 493 628 γέγονε
507 550 682 628 τηλικοῦτος
698 547 730 610 ἐν
744 547 915 641 Καμπανίρι
929 546 972 626 ὡς
987 545 1025 635 syl
1040 548 1142 628 πόλεις
1155 564 1265 635 πεσεῖν,
1282 563 1305 619 P
1321 565 1375 624 tto

168 649 220 712 καὶ
241 641 328 730 ἡλίου
348 645 484 730 ἔκλειψις
504 646 629 733 τοιαύτη
644 646 687 725 ὡς
702 647 833 737 άστέρας
848 657 982 738 φανῆναι
993 654 1025 719 ἐν
1038 650 1150 747 ἡμέρη.
1197 654 1267 725 τότε

167 753 218 814 καὶ
242 747 344 838 όφεων
367 761 511 816 παντοῖον
530 751 614 838 γένος
638 754 685 817 ἐπὶ
707 753 764 837 τὴν
784 754 964 840 Μελιτηνὴν
979 763 1129 843 φανῆναι·
1161 756 1198 822 οἱ*
1215 765 1267 826 καί

140 850 372 936 δμαχεσάμενοι
388 855 576 920 κατίκτειναν
592 853 736 935 ἐαυτούς,
771 854 814 934 ὥς
838 861 889 923 καλ
915 860 971 944 τὴν
990 857 1098 948 χάραν
1118 863 1267 942 ἐποζέσαι.

166 959 217 1022 καὶ
232 957 406 1033 Ἰουδαίους
428 961 497 1044 περὶ
518 958 574 1042 τὴν
596 958 761 1044 οέκοδομὴν
779 967 837 1026 τοῦ
853 970 930 1028 ναοῦ
944 959 1035 1032 πάλιν
1048 963 1267 1047 στασιάζοντας

165 1057 423 1137 Κωνσταντΐνοςό
439 1061 534 1147 μέγας
549 1061 800 1150 τιμωρησάμενος
815 1065 1032 1155 διεσκόρπισεν.

263 1160 312 1226 Ἡ
330 1164 364 1228 δέ
383 1167 523 1252 μακαρία
539 1162 649 1251 Ἕλένη
665 1169 697 1244 ἐξ
716 1163 943 1256 Ἱεροσολύμων
961 1171 1189 1251 ἐπανελθοῦσα,
1213 1173 1267 1236 καλ

164 1265 264 1331 πολλὰ
285 1271 330 1354 τῷ
350 1266 408 1356 υἱῷ
434 1269 529 1350 αὐτῆς
551 1272 601 1335 καὶ
618 1275 743 1353 βασιλεῖ
760 1274 829 1356 περὶ
850 1279 906 1356 τῆς
924 1276 966 1351 είς
979 1273 1119 1360 Χριστόν
1137 1276 1266 1353 πίστεως

123 1381 158 1438 10
166 1370 371 1453 ἐντειλαμένη,
403 1369 591 1456 ἐτελεύτησεν
619 1376 694 1440 ἐτῶν
714 1371 766 1454 π’,
801 1379 853 1440 καὶ
876 1373 975 1466 ἐτάφη
996 1379 1095 1467 ἐντῷ
1117 1383 1265 1465 ναῷτιόν

164 1468 257 1557 όγίων
271 1470 457 1540 ἀποστόλων.
507 1475 622 1554 πάσαις
643 1478 743 1542 τοίνυν
764 1473 785 1560 ἧ
807 1481 946 1565 μακαρία
966 1482 1090 1568 ἀρεταῖς
1112 1494 1301 1566 atrocen-B

162 1575 238 1660 μένη
260 1573 318 1658 εἶχε
341 1579 392 1640 καὶ
415 1578 471 1661 τὴν
490 1581 730 1664 χριστομίμητον
753 1581 1034 1670 ταπεινοφροσύνην
1055 1583 1133 1672 πρὸς
1147 1582 1264 1662 πάντας

161 1679 228 1761 μέν,
254 1679 413 1765 ἐξαιρέτως
434 1683 469 1746 δέ
489 1679 567 1768 πρὸς
580 1682 652 1758 τούς
672 1679 870 1764 μονόζυντας.
917 1683 1093 1773 συνάγουσα
1105 1685 1165 1774 γὰρ
1181 1713 1263 1776 παρ-

160 1783 273 1860 θένους
287 1783 336 1846 καὶ
354 1784 401 1847 ἐπὶ
417 1781 572 1865 στιβάδων
592 1787 815 1852 κατακλίνουσα
837 1786 915 1870 adri
937 1790 981 1854 δι’
1007 1788 1117 1873 ἐαυτῆς
1138 1795 1263 1856 καθυπ-

115 1883 282 1971 15σύργει,
318 1883 387 1966 όψα
410 1893 617 1972 παρατιθείσα
637 1891 687 1953 καί
704 1886 829 1968 κύλικας
845 1891 994 1978 ὀρέγουσα
1017 1895 1069 1958 καὶ
1089 1890 1176 1978 όδωρ
1195 1903 1264 1970 ταῖς

157 1995 264 2077 χερσίν
287 1988 388 2054 αὐτῶν
410 1991 589 2074 ἐπιχέουσα,
614 1995 807 2078 θεραπαίνης
828 1992 916 2081 ἐργον
936 1992 1079 2084 ἐπλήρου.
1130 1994 1212 2061 οὕτω
1228 1998 1263 2062 δέ

160 2096 211 2158 καί
225 2093 278 2158 τόν
299 2091 479 2177 ἀείμνηστον
499 2093 567 2160 υλδν
588 2095 684 2179 αὐτῆς
700 2099 908 2174 ἐξεπαίδευσεν
924 2097 1043 2186 ἄτυφον
1055 2097 1132 2182 ἐχειν
1144 2096 1261 2185 φρόνη-

158 2223 221 2280 μα,
248 2196 358 2283 ἀρετῆς
380 2200 431 2261 καὶ
450 2201 603 2276 πολιτείας
627 2199 774 2286 ἀκριβοῦς
796 2202 1026 2283 ἐπιμελείσθω,
1057 2197 1210 2268 δουλεύειν
1227 2203 1263 2267 δέ
1357 2208 1360 2212 ’

158 2306 204 2388 τῷ
227 2301 322 2386 κυρίῳ
340 2301 419 2381 μετὰ
439 2297 541 2389 φόβου
561 2305 612 2368 καὶ
632 2299 767 2390 τρόμου·
804 2301 839 2380 ός
861 2300 1024 2391 φυλάττων
1046 2303 1192 2392 ἀκριβῶς
1205 2304 1262 2384 τάς

112 2403 256 2488 moderic
269 2403 393 2480 ἐντολὰς
406 2403 610 2492 ἐκαρποφόρει
624 2403 917 2484 ἐκατοιταπλασίως.

263 2511 320 2594 Τῷ
342 2504 370 2571 κ’
395 2505 451 2572 ἐτει
473 2509 590 2593 γέγονεν
608 2507 628 2592 ἡ
646 2506 718 2594 άγία
738 2512 789 2574 καὶ
805 2510 997 2594 σέκουμενικὴ
1013 2504 1119 2597 πριότη
1134 2506 1262 2589 σύνοδος

157 2611 190 2675 ἐν
202 2611 336 2699 Νικαίηι,
363 2611 575 2678 συνελθόντων
595 2619 656 2678 τῶν
679 2609 774 2698 ἆγίων
795 2611 854 2697 τιη’
875 2614 1025 2699 πατέρων.
1073 2603 1112 2697 ἧς
1130 2610 1303 2698 ἧγοῦντοῦ

156 2715 345 2800 Σιλβίστρου
375 2711 463 2780 πάπα
486 2713 606 2800 Ῥώμης
631 2719 855 2804 τοποτηρηταί,
895 2719 997 2784 Βίτων
1020 2718 1073 2782 καὶ
1094 2720 1259 2784 Βικεντίων

155 2929 190 2966 ea
204 2909 354 2964 Alexandro
379 2909 485 2966 dicente
509 2911 681 2984 philosophus
698 2912 829 2968 obmutuit
842 2913 1005 2982 verbumque
1021 2913 1112 2968 iacere
1126 2913 1259 2984 nequivit.

156 3000 190 3036 ea
209 2985 364 3049 tempestate
379 2980 407 3034 in
424 2983 569 3052 Campania
586 2985 664 3036 urbes
683 2983 715 3036 13
733 2990 910 3035 terraemotu
932 2991 1081 3053 prostratae
1097 2991 1172 3048 sunt3
1196 2991 1257 3038 tan-

154 3059 251 3120 tusque
268 3048 320 3101 fuit
335 3048 400 3102 solis
423 3051 543 3104 deiectus
560 3059 591 3105 ut
607 3051 718 3104 meridie
734 3050 826 3104 stellae
842 3051 1006 3104 viderentur.
1041 3061 1070 3106 et
1085 3053 1115 3105 in
1129 3053 1258 3106 Melitene

155 3120 239 3173 omnis
258 3117 363 3186 generis
381 3135 480 3188 angues
498 3120 669 3187 exstiterunt,
689 3121 735 3188 qui
750 3138 781 3174 se
796 3120 911 3173 invicem
927 3123 1069 3193 pugnaudo
1085 3129 1257 3188 necaverunt,

155 3207 190 3242 ex
206 3188 450 3310 idqudtimddaea
467 3188 495 3241 in
509 3187 680 3313 treegiofflent
690 3191 805 3312 gizonus
821 3190 942 3313 foetor?0⁸
954 3189 1259 3312 ludadddaqdwoeddr-

153 3274 211 3312 sum
241 3273 281 3310 um
323 3273 373 3310 uun
424 3275 488 3324 ‚ec
537 3275 560 3311 m
657 3275 689 3312 ae
737 3275 901 3314 weoouau
1006 3275 1022 3312 o
1083 3275 1172 3312 nnus
1226 3275 1258 3312 us

153 3333 205 3396 eet,
224 3333 305 3395 atque
321 3325 457 3396 dispersit.
561 3275 579 3330 Ρ
948 3299 956 3328 ’

224 3395 309 3450 Beata
326 3403 412 3450 autem
429 3395 532 3448 Helena
548 3394 741 3465 Hierosolymis
758 3395 860 3450 domum
877 3411 1002 3462 reversa,
1028 3409 1085 3447 curu
1103 3392 1160 3447 fflto
1175 3392 1257 3447 multe

152 3465 188 3519 de
207 3464 358 3518 Christiana
376 3465 477 3535 pietate
494 3465 656 3536 mandasset,
675 3466 756 3520 vitan
774 3465 844 3519 finiit
861 3483 929 3518 anno
950 3463 1047 3517 aetatis
1063 3466 1113 3530 803
1137 3463 1255 3532 sepulta-

151 3551 207 3606 que
224 3543 266 3587 est
284 3535 310 3586 in
329 3534 426 3603 templo
444 3533 630 3602 apostolorum.
666 3537 745 3588 beata
768 3535 821 3589 istu
843 3535 936 3588 mulier
952 3534 1072 3586 omnibus
1090 3542 1182 3586 ornata
1198 3532 1256 3584 vir-

150 3603 272 3670 tutibus,
298 3602 399 3656 Christi
421 3603 569 3656 imitatione
592 3603 670 3657 etiam
696 3605 776 3659 enimi
799 3604 958 3658 demissione
979 3619 1027 3656 usa
1050 3609 1093 3654 est
1115 3619 1173 3654 cum
1190 3617 1256 3670 erga

151 3689 244 3727 omnes
268 3672 385 3726 homines
407 3679 460 3725 tum
483 3673 594 3726 maxime
612 3691 658 3728 eos
674 3675 721 3743 qni
737 3673 881 3727 solitarium
898 3673 981 3724 vitam
997 3678 1088 3739 egunt.
1124 3687 1182 3724 uem
1199 3671 1256 3724 vir-

150 3742 230 3812 gines
248 3759 345 3810 cogens
364 3749 393 3795 et
408 3741 436 3795 in
453 3743 520 3796 toris
537 3743 685 3808 collocans,
703 3745 763 3825 ipsa
779 3742 818 3796 eis
835 3741 945 3794 ancillae
962 3740 989 3792 in
1007 3757 1104 3793 morem
1121 3739 1255 3793 ministra-

150 3813 218 3878 irat,
246 3811 320 3864 cibos
337 3827 472 3882 apponens
491 3817 519 3865 et
537 3811 632 3884 pocula
650 3828 790 3882 porrigens
807 3811 981 3879 manibusque
996 3826 1085 3862 earum
1103 3825 1196 3878 aquam
1213 3809 1255 3859 af-

151 3881 276 3936 fundens.
313 3881 353 3933 ita
370 3889 397 3934 et
414 3881 530 3934 inclitum
548 3896 621 3935 suum
638 3881 720 3935 fliium
737 3879 912 3945 instituebat,
930 3879 971 3931 uti
986 3879 1057 3932 iutro
1073 3885 1182 3931 vacaret
1198 3875 1255 3928 rir-

150 3951 257 4020 tutique
272 3958 365 4004 eramo
382 3949 507 4003 laudabiii
524 3952 658 4018 studeret,
682 3951 841 4019 dominoque
856 3965 914 4002 cum
935 3954 1006 4002 metu
1023 3956 1052 4001 et
1067 3955 1184 4000 tremore
1196 3961 1255 3998 ser-

146 4021 232 4144 ¹piret.
269 4027 349 4089 atquc
373 4018 396 4073 is
419 4020 510 4074 matris
538 4019 689 4092 praeceptis
713 4025 837 4074 sccurate
858 4034 956 4090 pareus
977 4016 1125 4088 centuplum
1145 4013 1256 4085 protulit

160 4097 275 4144 ructum
1199 4143 1203 4150 ,

221 4159 298 4213 Anno
315 4157 483 4212 Constantini
498 4157 625 4228 vigesimo
642 4163 760 4213 eandum
777 4155 939 4228 primumque
955 4153 1149 4211 oecumenicum
1165 4151 1256 4206 conci·

148 4227 214 4282 lium
233 4227 353 4280 Nicaeae
370 4235 455 4281 actum
473 4227 540 4294 init,
565 4227 732 4297 congregau‘s
756 4245 789 4280 eo
811 4228 864 4281 318
887 4225 986 4279 amotis
1010 4223 1141 4294 patribus.
1177 4239 1255 4292 prae-

149 4297 260 4352 fuerunt
282 4297 309 4352 ei
327 4295 452 4352 etlvuut
469 4297 581 4354 Romani
605 4313 691 4370 papae
715 4296 801 4352 locun
817 4305 939 4352 tenentes
955 4295 1037 4350 Vitoo
1055 4301 1085 4348 et
1100 4291 1256 4347 Vincentius
