<?xml version="1.0" encoding="UTF-8"?>
<!DOCTYPE html PUBLIC "-//W3C//DTD XHTML 1.0 Transitional//EN"
    "http://www.w3.org/TR/xhtml1/DTD/xhtml1-transitional.dtd">
<html xmlns="http://www.w3.org/1999/xhtml" xml:lang="en" lang="en">
 <head>
  <title>
</title>
<meta http-equiv="Content-Type" content="text/html;charset=utf-8" />
  <meta name='ocr-system' content='tesseract 3.04.00' />
  <meta name='ocr-capabilities' content='ocr_page ocr_carea ocr_par ocr_line ocrx_word'/>
</head>
<body>
  <div class='ocr_page' id='page_1' title='image "./corpusscriptoru50theogoog/corpusscriptoru50theogoog_0416.png"; bbox 0 0 3025 4784; ppageno 0'>
   <div class='ocr_carea' id='block_1_1' title="bbox 433 223 1293 302">
    <p class='ocr_par' dir='ltr' id='par_1_1' title="bbox 433 223 1293 302">
     <span class='ocr_line' id='line_1_1' title="bbox 433 223 1293 302; baseline 0.013 -12"><span class='ocrx_word' id='word_1_1' title='bbox 433 223 731 294; x_wconf 74' lang='lat' dir='ltr'>mstoaltuuu</span> <span class='ocrx_word' id='word_1_2' title='bbox 754 225 1048 297; x_wconf 75' lang='lat' dir='ltr'>coutrttttnluut.</span> <span class='ocrx_word' id='word_1_3' title='bbox 1218 227 1293 302; x_wconf 75' lang='lat'><strong><em>3⁸1</em></strong></span> 
     </span>
    </p>
   </div>
   <div class='ocr_carea' id='block_1_2' title="bbox 148 392 1336 2747">
    <p class='ocr_par' dir='ltr' id='par_1_2' title="bbox 148 392 1336 2747">
     <span class='ocr_line' id='line_1_2' title="bbox 198 392 1296 488; baseline 0.004 -26"><span class='ocrx_word' id='word_1_4' title='bbox 198 393 295 462; x_wconf 77' lang='grc' dir='ltr'><strong><em>αδτοῦ</em></strong></span> <span class='ocrx_word' id='word_1_5' title='bbox 314 393 454 477; x_wconf 71' lang='grc' dir='ltr'><strong><em>διέβαλεν</em></strong></span> <span class='ocrx_word' id='word_1_6' title='bbox 474 392 492 460; x_wconf 84' lang='grc' dir='ltr'><strong><em>ὃ</em></strong></span> <span class='ocrx_word' id='word_1_7' title='bbox 514 393 649 483; x_wconf 73' lang='grc' dir='ltr'><strong><em>οἶδελφδς</em></strong></span> <span class='ocrx_word' id='word_1_8' title='bbox 662 393 760 464; x_wconf 65' lang='lat' dir='ltr'>adro&amp;</span> <span class='ocrx_word' id='word_1_9' title='bbox 770 395 959 481; x_wconf 79' lang='grc' dir='ltr'><strong><em>Δομετιανὸς</em></strong></span> <span class='ocrx_word' id='word_1_10' title='bbox 972 400 1015 476; x_wconf 78' lang='grc' dir='ltr'><strong><em>τίς</em></strong></span> <span class='ocrx_word' id='word_1_11' title='bbox 1025 395 1165 488; x_wconf 82' lang='grc' dir='ltr'><strong><em>λάρνακα</em></strong></span> <span class='ocrx_word' id='word_1_12' title='bbox 1176 401 1296 486; x_wconf 76' lang='grc' dir='ltr'><strong><em>ξυλίνην</em></strong></span> 
     </span>
     <span class='ocr_line' id='line_1_3' title="bbox 192 495 1295 589; baseline 0.008 -26"><span class='ocrx_word' id='word_1_13' title='bbox 192 495 299 582; x_wconf 84' lang='grc' dir='ltr'><strong><em>χώνσς</em></strong></span> <span class='ocrx_word' id='word_1_14' title='bbox 313 499 468 583; x_wconf 98' lang='grc' dir='ltr'><strong><em>γέμουσαν</em></strong></span> <span class='ocrx_word' id='word_1_15' title='bbox 482 495 526 577; x_wconf 80' lang='grc' dir='ltr'><strong><em>ὥς</em></strong></span> <span class='ocrx_word' id='word_1_16' title='bbox 540 502 635 583; x_wconf 76' lang='grc' dir='ltr'><strong><em>δῆθεν</em></strong></span> <span class='ocrx_word' id='word_1_17' title='bbox 652 497 870 586; x_wconf 75' lang='grc' dir='ltr'><strong><em>θεραπεύσων,</em></strong></span> <span class='ocrx_word' id='word_1_18' title='bbox 891 505 942 568; x_wconf 82' lang='grc' dir='ltr'><strong><em>καλ</em></strong></span> <span class='ocrx_word' id='word_1_19' title='bbox 960 501 1137 568; x_wconf 82' lang='grc' dir='ltr'><strong><em>άτιέκτετνεν.</em></strong></span> <span class='ocrx_word' id='word_1_20' title='bbox 1188 500 1295 589; x_wconf 69' lang='lat' dir='ltr'>tironis</span> 
     </span>
     <span class='ocr_line' id='line_1_4' title="bbox 195 599 1336 691; baseline 0.007 -25"><span class='ocrx_word' id='word_1_21' title='bbox 195 599 374 684; x_wconf 73' lang='grc' dir='ltr'><strong><em>θαυμάσιος</em></strong></span> <span class='ocrx_word' id='word_1_22' title='bbox 396 608 489 680; x_wconf 82' lang='grc' dir='ltr'><strong><em>Τῖτος</em></strong></span> <span class='ocrx_word' id='word_1_23' title='bbox 508 600 763 691; x_wconf 67' lang='grc' dir='ltr'><strong><em>φιλοσοφώτατος</em></strong></span> <span class='ocrx_word' id='word_1_24' title='bbox 781 606 831 670; x_wconf 84' lang='grc' dir='ltr'><strong><em>καλ</em></strong></span> <span class='ocrx_word' id='word_1_25' title='bbox 852 603 1089 690; x_wconf 77' lang='grc' dir='ltr'><strong><em>εὖγλωττότατος</em></strong></span> <span class='ocrx_word' id='word_1_26' title='bbox 1102 607 1154 672; x_wconf 81' lang='grc' dir='ltr'><strong><em>καλ</em></strong></span> <span class='ocrx_word' id='word_1_27' title='bbox 1168 610 1336 690; x_wconf 71' lang='lat' dir='ltr'>uoltus-0</span> 
     </span>
     <span class='ocr_line' id='line_1_5' title="bbox 194 702 1296 798; baseline 0.006 -29"><span class='ocrx_word' id='word_1_28' title='bbox 194 702 333 781; x_wconf 85' lang='grc' dir='ltr'><strong><em>κώτατσς</em></strong></span> <span class='ocrx_word' id='word_1_29' title='bbox 358 708 409 768; x_wconf 82' lang='grc' dir='ltr'><strong><em>καλ</em></strong></span> <span class='ocrx_word' id='word_1_30' title='bbox 430 706 553 792; x_wconf 78' lang='grc' dir='ltr'><strong><em>μέτριος</em></strong></span> <span class='ocrx_word' id='word_1_31' title='bbox 570 704 648 789; x_wconf 80' lang='grc' dir='ltr'><strong><em>άγαν</em></strong></span> <span class='ocrx_word' id='word_1_32' title='bbox 667 703 830 794; x_wconf 70' lang='grc' dir='ltr'><strong><em>ὑπάρχων,</em></strong></span> <span class='ocrx_word' id='word_1_33' title='bbox 854 712 906 783; x_wconf 77' lang='grc' dir='ltr'><strong><em>καὶ</em></strong></span> <span class='ocrx_word' id='word_1_34' title='bbox 926 709 1112 798; x_wconf 84' lang='grc' dir='ltr'><strong><em>άγαθσεργίφ</em></strong></span> <span class='ocrx_word' id='word_1_35' title='bbox 1129 713 1226 795; x_wconf 75' lang='grc' dir='ltr'><strong><em>πολλῇ</em></strong></span> <span class='ocrx_word' id='word_1_36' title='bbox 1242 713 1296 776; x_wconf 85' lang='grc' dir='ltr'><strong><em>καλ</em></strong></span> 
     </span>
     <span class='ocr_line' id='line_1_6' title="bbox 168 805 1296 897; baseline 0.004 -25"><span class='ocrx_word' id='word_1_37' title='bbox 168 805 381 895; x_wconf 75' lang='grc' dir='ltr'><strong><em>ὁσιοφροσάνη</em></strong></span> <span class='ocrx_word' id='word_1_38' title='bbox 405 811 458 874; x_wconf 79' lang='grc' dir='ltr'><strong><em>καὶ</em></strong></span> <span class='ocrx_word' id='word_1_39' title='bbox 479 807 656 894; x_wconf 74' lang='grc' dir='ltr'><strong><em>δικαιοσύνη</em></strong></span> <span class='ocrx_word' id='word_1_40' title='bbox 675 811 727 874; x_wconf 82' lang='grc' dir='ltr'><strong><em>καλ</em></strong></span> <span class='ocrx_word' id='word_1_41' title='bbox 750 807 896 897; x_wconf 77' lang='grc' dir='ltr'><strong><em>φρονήσει</em></strong></span> <span class='ocrx_word' id='word_1_42' title='bbox 914 809 1136 894; x_wconf 76' lang='grc' dir='ltr'><strong><em>κοσμούμενος,</em></strong></span> <span class='ocrx_word' id='word_1_43' title='bbox 1168 813 1296 896; x_wconf 63' lang='grc' dir='ltr'><strong><em>ἔκδηλοι-</em></strong></span> 
     </span>
     <span class='ocr_line' id='line_1_7' title="bbox 192 909 1295 1000; baseline 0.008 -26"><span class='ocrx_word' id='word_1_44' title='bbox 192 911 287 996; x_wconf 82' lang='grc' dir='ltr'><strong><em>τέραν</em></strong></span> <span class='ocrx_word' id='word_1_45' title='bbox 306 909 401 976; x_wconf 83' lang='grc' dir='ltr'><strong><em>ἅπασι</em></strong></span> <span class='ocrx_word' id='word_1_46' title='bbox 421 911 562 994; x_wconf 84' lang='grc' dir='ltr'><strong><em>πεποίηκε</em></strong></span> <span class='ocrx_word' id='word_1_47' title='bbox 584 911 641 995; x_wconf 81' lang='grc' dir='ltr'><strong><em>τὴν</em></strong></span> <span class='ocrx_word' id='word_1_48' title='bbox 661 909 773 978; x_wconf 73' lang='grc' dir='ltr'><strong><em>ἑαυτοῦ</em></strong></span> <span class='ocrx_word' id='word_1_49' title='bbox 795 911 992 996; x_wconf 75' lang='grc' dir='ltr'><strong><em>συμπάθειαν</em></strong></span> <span class='ocrx_word' id='word_1_50' title='bbox 1006 915 1039 981; x_wconf 87' lang='grc' dir='ltr'><strong><em>ίν</em></strong></span> <span class='ocrx_word' id='word_1_51' title='bbox 1053 910 1091 1000; x_wconf 80' lang='grc' dir='ltr'><strong><em>τῇ</em></strong></span> <span class='ocrx_word' id='word_1_52' title='bbox 1107 912 1217 1000; x_wconf 75' lang='grc' dir='ltr'><strong><em>ἁλώσει</em></strong></span> <span class='ocrx_word' id='word_1_53' title='bbox 1239 923 1295 998; x_wconf 76' lang='grc' dir='ltr'><strong><em>τῆς</em></strong></span> 
     </span>
     <span class='ocr_line' id='line_1_8' title="bbox 189 1009 1295 1101; baseline 0.007 -24"><span class='ocrx_word' id='word_1_54' title='bbox 189 1009 406 1100; x_wconf 75' lang='grc' dir='ltr'><strong><em>Ἰερουσαλήμ.</em></strong></span> <span class='ocrx_word' id='word_1_55' title='bbox 456 1014 582 1101; x_wconf 82' lang='grc' dir='ltr'><strong><em>σφόδρα</em></strong></span> <span class='ocrx_word' id='word_1_56' title='bbox 603 1015 662 1100; x_wconf 83' lang='grc' dir='ltr'><strong><em>γὰρ</em></strong></span> <span class='ocrx_word' id='word_1_57' title='bbox 680 1015 827 1100; x_wconf 74' lang='grc' dir='ltr'><strong><em>ἐπένθησε</em></strong></span> <span class='ocrx_word' id='word_1_58' title='bbox 842 1017 915 1095; x_wconf 76' lang='grc' dir='ltr'><strong><em>τοὺς</em></strong></span> <span class='ocrx_word' id='word_1_59' title='bbox 929 1017 1101 1100; x_wconf 77' lang='grc' dir='ltr'><strong><em>θεηλάτους</em></strong></span> <span class='ocrx_word' id='word_1_60' title='bbox 1120 1017 1295 1096; x_wconf 79' lang='grc' dir='ltr'><strong><em>Ἰουδαίους</em></strong></span> 
     </span>
     <span class='ocr_line' id='line_1_9' title="bbox 192 1115 1295 1206; baseline 0.007 -26"><span class='ocrx_word' id='word_1_61' title='bbox 192 1115 263 1182; x_wconf 83' lang='grc' dir='ltr'><strong><em>τότε</em></strong></span> <span class='ocrx_word' id='word_1_62' title='bbox 268 1164 280 1194; x_wconf 92' lang='grc'><strong><em>,</em></strong></span> <span class='ocrx_word' id='word_1_63' title='bbox 306 1119 355 1181; x_wconf 76' lang='grc' dir='ltr'><strong><em>καὶ</em></strong></span> <span class='ocrx_word' id='word_1_64' title='bbox 378 1121 497 1201; x_wconf 75' lang='grc' dir='ltr'><strong><em>μᾶλλον</em></strong></span> <span class='ocrx_word' id='word_1_65' title='bbox 513 1118 568 1183; x_wconf 83' lang='grc' dir='ltr'><strong><em>τδν</em></strong></span> <span class='ocrx_word' id='word_1_66' title='bbox 585 1123 673 1184; x_wconf 80' lang='grc' dir='ltr'><strong><em>θεῖον</em></strong></span> <span class='ocrx_word' id='word_1_67' title='bbox 687 1118 763 1184; x_wconf 81' lang='grc' dir='ltr'><strong><em>ναὸν</em></strong></span> <span class='ocrx_word' id='word_1_68' title='bbox 778 1120 1026 1205; x_wconf 79' lang='grc' dir='ltr'><strong><em>πυρπολούμενον</em></strong></span> <span class='ocrx_word' id='word_1_69' title='bbox 1040 1117 1120 1206; x_wconf 80' lang='grc' dir='ltr'><strong><em>ὃρών</em></strong></span> <span class='ocrx_word' id='word_1_70' title='bbox 1135 1119 1295 1205; x_wconf 70' lang='grc' dir='ltr'><strong><em>ἐδάκρυσε,</em></strong></span> 
     </span>
     <span class='ocr_line' id='line_1_10' title="bbox 194 1215 1294 1308; baseline 0.006 -25"><span class='ocrx_word' id='word_1_71' title='bbox 194 1219 310 1286; x_wconf 77' lang='grc' dir='ltr'><strong><em>καὶτὸν</em></strong></span> <span class='ocrx_word' id='word_1_72' title='bbox 323 1220 400 1286; x_wconf 83' lang='grc' dir='ltr'><strong><em>θεὸν</em></strong></span> <span class='ocrx_word' id='word_1_73' title='bbox 415 1217 591 1305; x_wconf 83' lang='grc' dir='ltr'><strong><em>έδυσώπησε</em></strong></span> <span class='ocrx_word' id='word_1_74' title='bbox 607 1231 708 1304; x_wconf 76' lang='grc' dir='ltr'><strong><em>τυχεῖν</em></strong></span> <span class='ocrx_word' id='word_1_75' title='bbox 726 1223 828 1299; x_wconf 75' lang='grc' dir='ltr'><strong><em>ἐλέους</em></strong></span> <span class='ocrx_word' id='word_1_76' title='bbox 841 1226 892 1288; x_wconf 87' lang='grc' dir='ltr'><strong><em>καλ</em></strong></span> <span class='ocrx_word' id='word_1_77' title='bbox 909 1221 1104 1308; x_wconf 85' lang='grc' dir='ltr'><strong><em>συγγνώμης,</em></strong></span> <span class='ocrx_word' id='word_1_78' title='bbox 1129 1223 1174 1288; x_wconf 77' lang='grc' dir='ltr'><strong><em>δι’</em></strong></span> <span class='ocrx_word' id='word_1_79' title='bbox 1195 1215 1233 1288; x_wconf 73' lang='grc' dir='ltr'><strong><em>οὗ</em></strong></span> <span class='ocrx_word' id='word_1_80' title='bbox 1257 1223 1294 1290; x_wconf 79' lang='grc' dir='ltr'><strong><em>οὗ</em></strong></span> 
     </span>
     <span class='ocr_line' id='line_1_11' title="bbox 150 1320 1294 1412; baseline 0.002 -22"><span class='ocrx_word' id='word_1_81' title='bbox 150 1333 188 1390; x_wconf 85' lang='grc'><strong><em>10</em></strong></span> <span class='ocrx_word' id='word_1_82' title='bbox 195 1322 274 1388; x_wconf 75' lang='grc' dir='ltr'><strong><em>κατὰ</em></strong></span> <span class='ocrx_word' id='word_1_83' title='bbox 287 1322 344 1405; x_wconf 79' lang='grc' dir='ltr'><strong><em>τὴν</em></strong></span> <span class='ocrx_word' id='word_1_84' title='bbox 357 1320 467 1388; x_wconf 73' lang='grc' dir='ltr'><strong><em>ἑαυτοῦ</em></strong></span> <span class='ocrx_word' id='word_1_85' title='bbox 479 1326 656 1412; x_wconf 87' lang='grc' dir='ltr'><strong><em>προαίρεσιν</em></strong></span> <span class='ocrx_word' id='word_1_86' title='bbox 667 1331 766 1390; x_wconf 75' lang='grc' dir='ltr'><strong><em>ταῦτα</em></strong></span> <span class='ocrx_word' id='word_1_87' title='bbox 778 1323 934 1409; x_wconf 78' lang='grc' dir='ltr'><strong><em>γεγόνασιν</em></strong></span> <span class='ocrx_word' id='word_1_88' title='bbox 945 1326 1025 1392; x_wconf 78' lang='grc' dir='ltr'><strong><em>ἀλλὰ</em></strong></span> <span class='ocrx_word' id='word_1_89' title='bbox 1038 1325 1090 1391; x_wconf 78' lang='grc' dir='ltr'><strong><em>διὰ</em></strong></span> <span class='ocrx_word' id='word_1_90' title='bbox 1103 1325 1158 1410; x_wconf 81' lang='grc' dir='ltr'><strong><em>τὴν</em></strong></span> <span class='ocrx_word' id='word_1_91' title='bbox 1176 1327 1294 1392; x_wconf 70' lang='grc' dir='ltr'><strong><em>ἐκείνων</em></strong></span> 
     </span>
     <span class='ocr_line' id='line_1_12' title="bbox 192 1424 1293 1517; baseline 0.005 -27"><span class='ocrx_word' id='word_1_92' title='bbox 192 1431 346 1511; x_wconf 78' lang='grc' dir='ltr'><strong><em>θεοστυγῆ</em></strong></span> <span class='ocrx_word' id='word_1_93' title='bbox 365 1428 563 1513; x_wconf 85' lang='grc' dir='ltr'><strong><em>δυστρσπίαν.’</em></strong></span> <span class='ocrx_word' id='word_1_94' title='bbox 610 1424 684 1493; x_wconf 80' lang='grc' dir='ltr'><strong><em>ὅθεν</em></strong></span> <span class='ocrx_word' id='word_1_95' title='bbox 699 1427 739 1510; x_wconf 80' lang='grc' dir='ltr'><strong><em>δὴ</em></strong></span> <span class='ocrx_word' id='word_1_96' title='bbox 757 1428 835 1509; x_wconf 83' lang='grc' dir='ltr'><strong><em>μετά</em></strong></span> <span class='ocrx_word' id='word_1_97' title='bbox 846 1429 902 1514; x_wconf 75' lang='grc' dir='ltr'><strong><em>την</em></strong></span> <span class='ocrx_word' id='word_1_98' title='bbox 916 1428 1030 1497; x_wconf 71' lang='grc' dir='ltr'><strong><em>ἅλυσιν</em></strong></span> <span class='ocrx_word' id='word_1_99' title='bbox 1042 1429 1119 1517; x_wconf 78' lang='grc' dir='ltr'><strong><em>πρὸς</em></strong></span> <span class='ocrx_word' id='word_1_100' title='bbox 1132 1427 1204 1506; x_wconf 76' lang='grc' dir='ltr'><strong><em>τούς</em></strong></span> <span class='ocrx_word' id='word_1_101' title='bbox 1216 1431 1293 1496; x_wconf 79' lang='grc' dir='ltr'><strong><em>ἅνα-</em></strong></span> 
     </span>
     <span class='ocr_line' id='line_1_13' title="bbox 193 1525 1292 1618; baseline 0.008 -25"><span class='ocrx_word' id='word_1_102' title='bbox 193 1525 397 1615; x_wconf 80' lang='grc' dir='ltr'><strong><em>ιιηράττσντας</em></strong></span> <span class='ocrx_word' id='word_1_103' title='bbox 410 1529 503 1595; x_wconf 79' lang='grc' dir='ltr'><strong><em>αὖτδν</em></strong></span> <span class='ocrx_word' id='word_1_104' title='bbox 513 1528 636 1612; x_wconf 74' lang='grc' dir='ltr'><strong><em>νικητῆν</em></strong></span> <span class='ocrx_word' id='word_1_105' title='bbox 648 1533 699 1596; x_wconf 76' lang='grc' dir='ltr'><strong><em>καὶ</em></strong></span> <span class='ocrx_word' id='word_1_106' title='bbox 713 1539 916 1616; x_wconf 74' lang='grc' dir='ltr'><strong><em>τροπαιοῦχον</em></strong></span> <span class='ocrx_word' id='word_1_107' title='bbox 932 1534 1073 1598; x_wconf 77' lang='grc' dir='ltr'><strong><em>διωθεῖτο</em></strong></span> <span class='ocrx_word' id='word_1_108' title='bbox 1086 1530 1142 1609; x_wconf 78' lang='grc' dir='ltr'><strong><em>τὰς</em></strong></span> <span class='ocrx_word' id='word_1_109' title='bbox 1155 1529 1292 1618; x_wconf 79' lang='grc' dir='ltr'><strong><em>ἀναρρή-</em></strong></span> 
     </span>
     <span class='ocr_line' id='line_1_14' title="bbox 193 1628 1293 1723; baseline 0.001 -25"><span class='ocrx_word' id='word_1_110' title='bbox 193 1655 272 1709; x_wconf 89' lang='grc' dir='ltr'><strong><em>οτις,</em></strong></span> <span class='ocrx_word' id='word_1_111' title='bbox 298 1628 341 1711; x_wconf 81' lang='grc' dir='ltr'><strong><em>ὦς</em></strong></span> <span class='ocrx_word' id='word_1_112' title='bbox 361 1633 417 1698; x_wconf 76' lang='grc' dir='ltr'><strong><em>οὐκ</em></strong></span> <span class='ocrx_word' id='word_1_113' title='bbox 438 1633 530 1709; x_wconf 74' lang='grc' dir='ltr'><strong><em>αὐτὸς</em></strong></span> <span class='ocrx_word' id='word_1_114' title='bbox 549 1629 713 1720; x_wconf 83' lang='grc' dir='ltr'><strong><em>τίργάσθαι</em></strong></span> <span class='ocrx_word' id='word_1_115' title='bbox 727 1640 826 1700; x_wconf 75' lang='grc' dir='ltr'><strong><em>ταῦτα</em></strong></span> <span class='ocrx_word' id='word_1_116' title='bbox 842 1634 961 1723; x_wconf 78' lang='grc' dir='ltr'><strong><em>φήσας,</em></strong></span> <span class='ocrx_word' id='word_1_117' title='bbox 987 1635 1066 1699; x_wconf 79' lang='grc' dir='ltr'><strong><em>ἀλλὰ</em></strong></span> <span class='ocrx_word' id='word_1_118' title='bbox 1080 1631 1224 1722; x_wconf 76' lang='grc' dir='ltr'><strong><em>θεηλάτρι</em></strong></span> <span class='ocrx_word' id='word_1_119' title='bbox 1240 1637 1293 1699; x_wconf 78' lang='grc' dir='ltr'><strong><em>καλ</em></strong></span> 
     </span>
     <span class='ocr_line' id='line_1_15' title="bbox 192 1733 1329 1825; baseline 0 -26"><span class='ocrx_word' id='word_1_120' title='bbox 192 1737 266 1825; x_wconf 74' lang='grc' dir='ltr'><strong><em>θείη</em></strong></span> <span class='ocrx_word' id='word_1_121' title='bbox 279 1733 354 1822; x_wconf 74' lang='grc' dir='ltr'><strong><em>ὀργῇ</em></strong></span> <span class='ocrx_word' id='word_1_122' title='bbox 365 1740 623 1822; x_wconf 80' lang='grc' dir='ltr'><strong><em>καθιπτουργῆσαι</em></strong></span> <span class='ocrx_word' id='word_1_123' title='bbox 638 1739 689 1801; x_wconf 77' lang='grc' dir='ltr'><strong><em>καὶ</em></strong></span> <span class='ocrx_word' id='word_1_124' title='bbox 704 1735 760 1813; x_wconf 73' lang='grc' dir='ltr'><strong><em>τὰς</em></strong></span> <span class='ocrx_word' id='word_1_125' title='bbox 769 1747 875 1823; x_wconf 78' lang='grc' dir='ltr'><strong><em>χεῖρας</em></strong></span> <span class='ocrx_word' id='word_1_126' title='bbox 896 1738 1114 1804; x_wconf 65' lang='grc' dir='ltr'><strong><em>ἐπιδεδωκέναι.</em></strong></span> <span class='ocrx_word' id='word_1_127' title='bbox 1164 1736 1289 1802; x_wconf 72' lang='lat' dir='ltr'>stimeri-</span> <span class='ocrx_word' id='word_1_128' title='bbox 1304 1740 1329 1798; x_wconf 82' lang='lat'><strong><em>1&gt;</em></strong></span> 
     </span>
     <span class='ocr_line' id='line_1_16' title="bbox 150 1837 1291 1928; baseline 0.003 -25"><span class='ocrx_word' id='word_1_129' title='bbox 150 1843 252 1903; x_wconf 73' lang='grc' dir='ltr'><strong><em>λὸθεν</em></strong></span> <span class='ocrx_word' id='word_1_130' title='bbox 269 1842 370 1903; x_wconf 85' lang='grc' dir='ltr'><strong><em>τοίνυν</em></strong></span> <span class='ocrx_word' id='word_1_131' title='bbox 391 1839 443 1903; x_wconf 73' lang='grc' dir='ltr'><strong><em>διὰ</em></strong></span> <span class='ocrx_word' id='word_1_132' title='bbox 464 1838 521 1922; x_wconf 76' lang='grc' dir='ltr'><strong><em>τὴν</em></strong></span> <span class='ocrx_word' id='word_1_133' title='bbox 544 1838 654 1924; x_wconf 78' lang='grc' dir='ltr'><strong><em>ἀρετὴν</em></strong></span> <span class='ocrx_word' id='word_1_134' title='bbox 671 1840 766 1904; x_wconf 75' lang='grc' dir='ltr'><strong><em>αὐτοῦ</em></strong></span> <span class='ocrx_word' id='word_1_135' title='bbox 781 1842 832 1906; x_wconf 80' lang='grc' dir='ltr'><strong><em>καὶ</em></strong></span> <span class='ocrx_word' id='word_1_136' title='bbox 847 1837 1124 1928; x_wconf 64' lang='grc' dir='ltr'><strong><em>ταπεινοφροσύνην</em></strong></span> <span class='ocrx_word' id='word_1_137' title='bbox 1137 1841 1291 1926; x_wconf 86' lang='grc' dir='ltr'><strong><em>παγγέρα-</em></strong></span> 
     </span>
     <span class='ocr_line' id='line_1_17' title="bbox 191 1939 1290 2030; baseline 0.002 -24"><span class='ocrx_word' id='word_1_138' title='bbox 191 1965 265 2018; x_wconf 89' lang='grc' dir='ltr'><strong><em>στος</em></strong></span> <span class='ocrx_word' id='word_1_139' title='bbox 277 1943 328 2005; x_wconf 80' lang='grc' dir='ltr'><strong><em>καὶ</em></strong></span> <span class='ocrx_word' id='word_1_140' title='bbox 342 1942 568 2030; x_wconf 85' lang='grc' dir='ltr'><strong><em>πανεπέροστσς</em></strong></span> <span class='ocrx_word' id='word_1_141' title='bbox 580 1939 736 2027; x_wconf 73' lang='grc' dir='ltr'><strong><em>γενόμενος</em></strong></span> <span class='ocrx_word' id='word_1_142' title='bbox 750 1942 847 2022; x_wconf 76' lang='grc' dir='ltr'><strong><em>οὕτως</em></strong></span> <span class='ocrx_word' id='word_1_143' title='bbox 862 1939 1043 2025; x_wconf 70' lang='grc' dir='ltr'><strong><em>ἐτελεύτησε.</em></strong></span> <span class='ocrx_word' id='word_1_144' title='bbox 1092 1949 1236 2019; x_wconf 77' lang='grc' dir='ltr'><strong><em>τοσοῦτος</em></strong></span> <span class='ocrx_word' id='word_1_145' title='bbox 1256 1944 1290 2008; x_wconf 77' lang='grc' dir='ltr'><strong><em>δὲ</em></strong></span> 
     </span>
     <span class='ocr_line' id='line_1_18' title="bbox 190 2040 1290 2132; baseline 0 -24"><span class='ocrx_word' id='word_1_146' title='bbox 190 2049 308 2130; x_wconf 73' lang='grc' dir='ltr'><strong><em>θρῆνος</em></strong></span> <span class='ocrx_word' id='word_1_147' title='bbox 324 2045 374 2108; x_wconf 73' lang='lat' dir='ltr'>tut</span> <span class='ocrx_word' id='word_1_148' title='bbox 391 2050 431 2130; x_wconf 80' lang='grc' dir='ltr'><strong><em>τῇ</em></strong></span> <span class='ocrx_word' id='word_1_149' title='bbox 446 2051 569 2132; x_wconf 82' lang='grc' dir='ltr'><strong><em>τελευτῇ</em></strong></span> <span class='ocrx_word' id='word_1_150' title='bbox 593 2044 688 2110; x_wconf 78' lang='grc' dir='ltr'><strong><em>αιἰτοῦ</em></strong></span> <span class='ocrx_word' id='word_1_151' title='bbox 708 2046 833 2130; x_wconf 80' lang='grc' dir='ltr'><strong><em>κατέσχε</em></strong></span> <span class='ocrx_word' id='word_1_152' title='bbox 855 2047 911 2129; x_wconf 75' lang='grc' dir='ltr'><strong><em>τὴν</em></strong></span> <span class='ocrx_word' id='word_1_153' title='bbox 930 2042 1050 2128; x_wconf 80' lang='grc' dir='ltr'><strong><em>Ῥώμην</em></strong></span> <span class='ocrx_word' id='word_1_154' title='bbox 1073 2040 1115 2121; x_wconf 82' lang='grc' dir='ltr'><strong><em>ὡς</em></strong></span> <span class='ocrx_word' id='word_1_155' title='bbox 1136 2047 1168 2110; x_wconf 83' lang='grc' dir='ltr'><strong><em>έν</em></strong></span> <span class='ocrx_word' id='word_1_156' title='bbox 1185 2041 1290 2132; x_wconf 79' lang='grc' dir='ltr'><strong><em>χρόνῳ</em></strong></span> 
     </span>
     <span class='ocr_line' id='line_1_19' title="bbox 190 2146 1290 2235; baseline -0.001 -25"><span class='ocrx_word' id='word_1_157' title='bbox 190 2152 297 2234; x_wconf 76' lang='grc' dir='ltr'><strong><em>πολλῷ</em></strong></span> <span class='ocrx_word' id='word_1_158' title='bbox 317 2153 425 2214; x_wconf 76' lang='grc' dir='ltr'><strong><em>τοῦτον</em></strong></span> <span class='ocrx_word' id='word_1_159' title='bbox 446 2147 743 2232; x_wconf 72' lang='grc' dir='ltr'><strong><em>ἀπομνημονεύοντες</em></strong></span> <span class='ocrx_word' id='word_1_160' title='bbox 763 2151 813 2214; x_wconf 79' lang='grc' dir='ltr'><strong><em>καλ</em></strong></span> <span class='ocrx_word' id='word_1_161' title='bbox 833 2149 890 2225; x_wconf 85' lang='grc' dir='ltr'><strong><em>τὰς</em></strong></span> <span class='ocrx_word' id='word_1_162' title='bbox 908 2148 1019 2235; x_wconf 80' lang='grc' dir='ltr'><strong><em>ἀρετὰς</em></strong></span> <span class='ocrx_word' id='word_1_163' title='bbox 1036 2146 1131 2218; x_wconf 69' lang='grc' dir='ltr'><strong><em>αὐτοῦ</em></strong></span> <span class='ocrx_word' id='word_1_164' title='bbox 1147 2146 1290 2232; x_wconf 78' lang='grc' dir='ltr'><strong><em>ἀναλογι-</em></strong></span> 
     </span>
     <span class='ocr_line' id='line_1_20' title="bbox 190 2247 1291 2341; baseline -0.001 -27"><span class='ocrx_word' id='word_1_165' title='bbox 190 2247 310 2332; x_wconf 82' lang='grc' dir='ltr'><strong><em>ζόμενοι</em></strong></span> <span class='ocrx_word' id='word_1_166' title='bbox 335 2251 468 2341; x_wconf 76' lang='grc' dir='ltr'><strong><em>δημοσίᾳ</em></strong></span> <span class='ocrx_word' id='word_1_167' title='bbox 494 2253 547 2314; x_wconf 83' lang='grc' dir='ltr'><strong><em>καί</em></strong></span> <span class='ocrx_word' id='word_1_168' title='bbox 574 2250 645 2317; x_wconf 77' lang='grc' dir='ltr'><strong><em>κατ’</em></strong></span> <span class='ocrx_word' id='word_1_169' title='bbox 668 2250 770 2328; x_wconf 75' lang='grc' dir='ltr'><strong><em>οἴκους</em></strong></span> <span class='ocrx_word' id='word_1_170' title='bbox 788 2253 918 2331; x_wconf 82' lang='grc' dir='ltr'><strong><em>κλαίειν,</em></strong></span> <span class='ocrx_word' id='word_1_171' title='bbox 950 2249 1053 2338; x_wconf 82' lang='grc' dir='ltr'><strong><em>ὥσπερ</em></strong></span> <span class='ocrx_word' id='word_1_172' title='bbox 1073 2251 1171 2338; x_wconf 80' lang='grc' dir='ltr'><strong><em>οίκείιρ</em></strong></span> <span class='ocrx_word' id='word_1_173' title='bbox 1194 2247 1291 2316; x_wconf 85' lang='grc' dir='ltr'><strong><em>πάθει</em></strong></span> 
     </span>
     <span class='ocr_line' id='line_1_21' title="bbox 148 2349 945 2436; baseline -0.004 -16"><span class='ocrx_word' id='word_1_174' title='bbox 148 2349 542 2436; x_wconf 58' lang='grc' dir='ltr'><strong><em>θθιτατοχάμενοςεέκαστος.</em></strong></span> <span class='ocrx_word' id='word_1_175' title='bbox 943 2395 945 2398; x_wconf 94' lang='grc'>-</span> 
     </span>
     <span class='ocr_line' id='line_1_22' title="bbox 295 2450 1291 2545; baseline 0 -25"><span class='ocrx_word' id='word_1_176' title='bbox 295 2461 350 2545; x_wconf 77' lang='grc' dir='ltr'><strong><em>Τῷ</em></strong></span> <span class='ocrx_word' id='word_1_177' title='bbox 366 2457 496 2544; x_wconf 79' lang='grc' dir='ltr'><strong><em>δευτέρῳ</em></strong></span> <span class='ocrx_word' id='word_1_178' title='bbox 510 2455 567 2522; x_wconf 72' lang='grc' dir='ltr'><strong><em>ἔτει</em></strong></span> <span class='ocrx_word' id='word_1_179' title='bbox 581 2451 691 2520; x_wconf 80' lang='grc' dir='ltr'><strong><em>τσιίτσυ</em></strong></span> <span class='ocrx_word' id='word_1_180' title='bbox 707 2455 802 2540; x_wconf 79' lang='grc' dir='ltr'><strong><em>μέγας</em></strong></span> <span class='ocrx_word' id='word_1_181' title='bbox 817 2453 996 2542; x_wconf 77' lang='grc' dir='ltr'><strong><em>λμπρησμδς</em></strong></span> <span class='ocrx_word' id='word_1_182' title='bbox 1010 2450 1152 2542; x_wconf 80' lang='grc' dir='ltr'><strong><em>ἒνῬώμη</em></strong></span> <span class='ocrx_word' id='word_1_183' title='bbox 1165 2453 1291 2538; x_wconf 83' lang='grc' dir='ltr'><strong><em>έγίνετο.</em></strong></span> 
     </span>
     <span class='ocr_line' id='line_1_23' title="bbox 189 2547 1291 2646; baseline -0.002 -23"><span class='ocrx_word' id='word_1_184' title='bbox 189 2560 243 2623; x_wconf 80' lang='lat' dir='ltr'><strong><em>sol</em></strong></span> <span class='ocrx_word' id='word_1_185' title='bbox 262 2565 318 2640; x_wconf 84' lang='grc' dir='ltr'><strong><em>τῆς</em></strong></span> <span class='ocrx_word' id='word_1_186' title='bbox 333 2557 502 2644; x_wconf 76' lang='grc' dir='ltr'><strong><em>συγκλήτου</em></strong></span> <span class='ocrx_word' id='word_1_187' title='bbox 517 2560 739 2646; x_wconf 76' lang='grc' dir='ltr'><strong><em>ψηφισαμένης</em></strong></span> <span class='ocrx_word' id='word_1_188' title='bbox 757 2563 850 2634; x_wconf 81' lang='grc' dir='ltr'><strong><em>Τῖτος</em></strong></span> <span class='ocrx_word' id='word_1_189' title='bbox 864 2557 940 2634; x_wconf 78' lang='grc' dir='ltr'><strong><em>θεὸς</em></strong></span> <span class='ocrx_word' id='word_1_190' title='bbox 954 2555 1157 2641; x_wconf 71' lang='grc' dir='ltr'><strong><em>ἀνηγορεύθη.</em></strong></span> <span class='ocrx_word' id='word_1_191' title='bbox 1201 2547 1291 2633; x_wconf 75' lang='grc' dir='ltr'><strong><em>οὗτος</em></strong></span> 
     </span>
     <span class='ocr_line' id='line_1_24' title="bbox 188 2657 1291 2747; baseline -0.002 -21"><span class='ocrx_word' id='word_1_192' title='bbox 188 2657 207 2726; x_wconf 84' lang='grc' dir='ltr'><strong>ὅ</strong></span> <span class='ocrx_word' id='word_1_193' title='bbox 232 2667 326 2740; x_wconf 85' lang='grc' dir='ltr'><strong><em>Τι’τος</em></strong></span> <span class='ocrx_word' id='word_1_194' title='bbox 348 2663 380 2728; x_wconf 75' lang='grc' dir='ltr'><strong><em>ἓν</em></strong></span> <span class='ocrx_word' id='word_1_195' title='bbox 403 2664 489 2727; x_wconf 80' lang='grc' dir='ltr'><strong><em>δυσίν</em></strong></span> <span class='ocrx_word' id='word_1_196' title='bbox 509 2660 605 2728; x_wconf 80' lang='grc' dir='ltr'><strong><em>έτεσιν</em></strong></span> <span class='ocrx_word' id='word_1_197' title='bbox 622 2659 813 2747; x_wconf 79' lang='grc' dir='ltr'><strong><em>παραλαβών</em></strong></span> <span class='ocrx_word' id='word_1_198' title='bbox 828 2660 883 2745; x_wconf 77' lang='grc' dir='ltr'><strong><em>τὴν</em></strong></span> <span class='ocrx_word' id='word_1_199' title='bbox 894 2657 1094 2747; x_wconf 80' lang='grc' dir='ltr'><strong><em>Ἰερουσαλὴμ</em></strong></span> <span class='ocrx_word' id='word_1_200' title='bbox 1109 2666 1211 2724; x_wconf 78' lang='grc' dir='ltr'><strong><em>πᾶσαν</em></strong></span> <span class='ocrx_word' id='word_1_201' title='bbox 1226 2660 1291 2726; x_wconf 74' lang='lat' dir='ltr'>tot-</span> 
     </span>
    </p>
   </div>
   <div class='ocr_carea' id='block_1_3' title="bbox 261 2837 576 2909">
    <p class='ocr_par' dir='ltr' id='par_1_3' title="bbox 261 2837 576 2909">
     <span class='ocr_line' id='line_1_25' title="bbox 261 2837 576 2909; baseline -0.013 -13"><span class='ocrx_word' id='word_1_202' title='bbox 261 2840 296 2896; x_wconf 81' lang='lat'><strong><em>16</em></strong></span> <span class='ocrx_word' id='word_1_203' title='bbox 311 2837 536 2909; x_wconf 71' lang='grc' dir='ltr'><strong><em>ααντιιέργαστσς</em></strong></span> <span class='ocrx_word' id='word_1_204' title='bbox 553 2840 576 2892; x_wconf 89' lang='grc' dir='ltr'><strong>Ρ</strong></span> 
     </span>
    </p>
   </div>
   <div class='ocr_carea' id='block_1_4' title="bbox 72 2985 1288 3203">
    <p class='ocr_par' dir='ltr' id='par_1_4' title="bbox 72 2985 1288 3203">
     <span class='ocr_line' id='line_1_26' title="bbox 72 2985 1287 3077; baseline -0.002 -28"><span class='ocrx_word' id='word_1_205' title='bbox 72 2985 76 2995; x_wconf 72' lang='grc'><strong>’</strong></span> <span class='ocrx_word' id='word_1_206' title='bbox 187 2999 292 3049; x_wconf 79' lang='lat' dir='ltr'>nutem</span> <span class='ocrx_word' id='word_1_207' title='bbox 316 2993 401 3048; x_wconf 78' lang='lat' dir='ltr'>frater</span> <span class='ocrx_word' id='word_1_208' title='bbox 423 2993 587 3077; x_wconf 71' lang='lat' dir='ltr'>Domitianus</span> <span class='ocrx_word' id='word_1_209' title='bbox 604 2991 633 3046; x_wconf 89' lang='lat' dir='ltr'><strong><em>in</em></strong></span> <span class='ocrx_word' id='word_1_210' title='bbox 649 2991 743 3076; x_wconf 69' lang='lat' dir='ltr'>cistam</span> <span class='ocrx_word' id='word_1_211' title='bbox 759 2990 871 3076; x_wconf 71' lang='lat' dir='ltr'>ligneam</span> <span class='ocrx_word' id='word_1_212' title='bbox 893 2989 974 3075; x_wconf 45' lang='lat' dir='ltr'>nire·</span> <span class='ocrx_word' id='word_1_213' title='bbox 994 2989 1078 3044; x_wconf 85' lang='lat' dir='ltr'>lenam</span> <span class='ocrx_word' id='word_1_214' title='bbox 1095 2990 1211 3046; x_wconf 88' lang='lat' dir='ltr'>oonieoit</span> <span class='ocrx_word' id='word_1_215' title='bbox 1226 2997 1287 3046; x_wconf 81' lang='lat' dir='ltr'><strong><em>un-</em></strong></span> 
     </span>
     <span class='ocr_line' id='line_1_27' title="bbox 187 3061 1288 3135; baseline -0.004 -17"><span class='ocrx_word' id='word_1_216' title='bbox 187 3081 267 3135; x_wconf 83' lang='lat' dir='ltr'>quam</span> <span class='ocrx_word' id='word_1_217' title='bbox 283 3064 425 3118; x_wconf 84' lang='lat' dir='ltr'>remedium</span> <span class='ocrx_word' id='word_1_218' title='bbox 442 3064 622 3129; x_wconf 79' lang='lat' dir='ltr'>adhibiturus,</span> <span class='ocrx_word' id='word_1_219' title='bbox 639 3071 720 3134; x_wconf 85' lang='lat' dir='ltr'>atque</span> <span class='ocrx_word' id='word_1_220' title='bbox 733 3069 772 3115; x_wconf 78' lang='lat' dir='ltr'>uta</span> <span class='ocrx_word' id='word_1_221' title='bbox 785 3063 931 3114; x_wconf 77' lang='lat' dir='ltr'>interfecit.</span> <span class='ocrx_word' id='word_1_222' title='bbox 995 3061 1110 3129; x_wconf 79' lang='lat' dir='ltr'>sigitur</span> <span class='ocrx_word' id='word_1_223' title='bbox 1127 3063 1222 3130; x_wconf 82' lang='lat' dir='ltr'>dignus</span> <span class='ocrx_word' id='word_1_224' title='bbox 1239 3064 1288 3114; x_wconf 85' lang='lat' dir='ltr'>sd-</span> 
     </span>
     <span class='ocr_line' id='line_1_28' title="bbox 188 3127 1287 3203; baseline -0.004 -17"><span class='ocrx_word' id='word_1_225' title='bbox 188 3143 329 3186; x_wconf 82' lang='lat' dir='ltr'>mratrone</span> <span class='ocrx_word' id='word_1_226' title='bbox 345 3133 427 3186; x_wconf 79' lang='lat' dir='ltr'>Titus</span> <span class='ocrx_word' id='word_1_227' title='bbox 443 3133 609 3203; x_wconf 79' lang='lat' dir='ltr'>philosophia</span> <span class='ocrx_word' id='word_1_228' title='bbox 631 3131 751 3202; x_wconf 86' lang='lat' dir='ltr'>apprime</span> <span class='ocrx_word' id='word_1_229' title='bbox 774 3131 916 3197; x_wconf 80' lang='lat' dir='ltr'>formatus,</span> <span class='ocrx_word' id='word_1_230' title='bbox 943 3127 1184 3198; x_wconf 88' lang='lat' dir='ltr'>eloquentissimus,</span> <span class='ocrx_word' id='word_1_231' title='bbox 1211 3129 1287 3182; x_wconf 88' lang='lat' dir='ltr'>belli-</span> 
     </span>
    </p>
   </div>
   <div class='ocr_carea' id='block_1_5' title="bbox 188 3197 1290 3317">
    <p class='ocr_par' dir='ltr' id='par_1_5' title="bbox 188 3197 1290 3317">
     <span class='ocr_line' id='line_1_29' title="bbox 188 3197 1290 3317; baseline -0.003 -62"><span class='ocrx_word' id='word_1_232' title='bbox 188 3202 341 3256; x_wconf 83' lang='lat' dir='ltr'>eosissimus</span> <span class='ocrx_word' id='word_1_233' title='bbox 359 3211 440 3270; x_wconf 77' lang='lat' dir='ltr'>atque</span> <span class='ocrx_word' id='word_1_234' title='bbox 455 3200 692 3269; x_wconf 69' lang='lat' dir='ltr'><strong><em>moderatissimus,</em></strong></span> <span class='ocrx_word' id='word_1_235' title='bbox 710 3199 885 3254; x_wconf 80' lang='lat' dir='ltr'>beneficentia</span> <span class='ocrx_word' id='word_1_236' title='bbox 904 3216 938 3252; x_wconf 89' lang='lat' dir='ltr'>ue</span> <span class='ocrx_word' id='word_1_237' title='bbox 954 3198 1129 3317; x_wconf 61' lang='lat' dir='ltr'>temperantia</span> <span class='ocrx_word' id='word_1_238' title='bbox 1145 3197 1247 3250; x_wconf 86' lang='lat' dir='ltr'>iustitia</span> <span class='ocrx_word' id='word_1_239' title='bbox 1262 3206 1290 3252; x_wconf 81' lang='lat' dir='ltr'><strong><em>et</em></strong></span> 
     </span>
    </p>
   </div>
   <div class='ocr_carea' id='block_1_6' title="bbox 186 3265 1332 4308">
    <p class='ocr_par' dir='ltr' id='par_1_6' title="bbox 186 3265 1332 4308">
     <span class='ocr_line' id='line_1_30' title="bbox 188 3265 1289 3342; baseline -0.007 -18"><span class='ocrx_word' id='word_1_240' title='bbox 188 3272 330 3342; x_wconf 83' lang='lat' dir='ltr'>prudentis</span> <span class='ocrx_word' id='word_1_241' title='bbox 345 3269 444 3339; x_wconf 83' lang='lat' dir='ltr'>insigni</span> <span class='ocrx_word' id='word_1_242' title='bbox 460 3283 580 3338; x_wconf 86' lang='lat' dir='ltr'>ornatus,</span> <span class='ocrx_word' id='word_1_243' title='bbox 598 3269 626 3322; x_wconf 91' lang='lat' dir='ltr'><strong><em>in</em></strong></span> <span class='ocrx_word' id='word_1_244' title='bbox 643 3269 748 3322; x_wconf 79' lang='lat' dir='ltr'>excidio</span> <span class='ocrx_word' id='word_1_245' title='bbox 764 3268 875 3324; x_wconf 84' lang='lat' dir='ltr'>maxime</span> <span class='ocrx_word' id='word_1_246' title='bbox 920 3267 1006 3320; x_wconf 90' lang='lat' dir='ltr'>ieroso</span> <span class='ocrx_word' id='word_1_247' title='bbox 1017 3283 1134 3334; x_wconf 85' lang='lat' dir='ltr'>ymerum</span> <span class='ocrx_word' id='word_1_248' title='bbox 1149 3281 1222 3320; x_wconf 86' lang='lat' dir='ltr'>suam</span> <span class='ocrx_word' id='word_1_249' title='bbox 1238 3265 1289 3318; x_wconf 89' lang='lat' dir='ltr'><strong><em>mi-</em></strong></span> 
     </span>
     <span class='ocr_line' id='line_1_31' title="bbox 189 3334 1288 3409; baseline -0.005 -15"><span class='ocrx_word' id='word_1_250' title='bbox 189 3340 296 3394; x_wconf 86' lang='lat' dir='ltr'>serandi</span> <span class='ocrx_word' id='word_1_251' title='bbox 321 3340 553 3409; x_wconf 72' lang='lat' dir='ltr'>promptitudinem</span> <span class='ocrx_word' id='word_1_252' title='bbox 581 3338 781 3394; x_wconf 77' lang='lat' dir='ltr'>demonstravit.</span> <span class='ocrx_word' id='word_1_253' title='bbox 825 3337 995 3389; x_wconf 85' lang='lat' dir='ltr'>vehementer</span> <span class='ocrx_word' id='word_1_254' title='bbox 1021 3334 1089 3386; x_wconf 87' lang='lat' dir='ltr'>enim</span> <span class='ocrx_word' id='word_1_255' title='bbox 1113 3342 1176 3386; x_wconf 87' lang='lat' dir='ltr'>tuno</span> <span class='ocrx_word' id='word_1_256' title='bbox 1198 3351 1214 3388; x_wconf 86' lang='lat' dir='ltr'>a</span> <span class='ocrx_word' id='word_1_257' title='bbox 1234 3335 1288 3390; x_wconf 85' lang='lat' dir='ltr'><strong><em>deo</em></strong></span> 
     </span>
     <span class='ocr_line' id='line_1_32' title="bbox 189 3402 1288 3480; baseline -0.005 -18"><span class='ocrx_word' id='word_1_258' title='bbox 189 3409 337 3478; x_wconf 71' lang='lat' dir='ltr'>exagitatos</span> <span class='ocrx_word' id='word_1_259' title='bbox 353 3409 502 3480; x_wconf 82' lang='lat' dir='ltr'>deploravit</span> <span class='ocrx_word' id='word_1_260' title='bbox 516 3409 644 3474; x_wconf 70' lang='lat' dir='ltr'>Iudaeos,</span> <span class='ocrx_word' id='word_1_261' title='bbox 667 3409 804 3477; x_wconf 79' lang='lat' dir='ltr'>magisque</span> <span class='ocrx_word' id='word_1_262' title='bbox 821 3405 900 3458; x_wconf 82' lang='lat' dir='ltr'>etiam</span> <span class='ocrx_word' id='word_1_263' title='bbox 917 3402 1096 3470; x_wconf 67' lang='lat' dir='ltr'>innominavit,</span> <span class='ocrx_word' id='word_1_264' title='bbox 1120 3419 1177 3456; x_wconf 86' lang='lat' dir='ltr'>oum</span> <span class='ocrx_word' id='word_1_265' title='bbox 1195 3403 1288 3458; x_wconf 85' lang='lat' dir='ltr'>aedem</span> 
     </span>
     <span class='ocr_line' id='line_1_33' title="bbox 187 3471 1287 3547; baseline -0.005 -16"><span class='ocrx_word' id='word_1_266' title='bbox 187 3478 233 3531; x_wconf 87' lang='lat' dir='ltr'>dei</span> <span class='ocrx_word' id='word_1_267' title='bbox 250 3477 356 3532; x_wconf 84' lang='lat' dir='ltr'>rideret</span> <span class='ocrx_word' id='word_1_268' title='bbox 370 3478 492 3542; x_wconf 85' lang='lat' dir='ltr'>ineendi;</span> <span class='ocrx_word' id='word_1_269' title='bbox 510 3487 686 3547; x_wconf 82' lang='lat' dir='ltr'>precatusque</span> <span class='ocrx_word' id='word_1_270' title='bbox 703 3486 745 3530; x_wconf 83' lang='lat' dir='ltr'><strong><em>est</em></strong></span> <span class='ocrx_word' id='word_1_271' title='bbox 762 3494 779 3530; x_wconf 89' lang='lat' dir='ltr'>a</span> <span class='ocrx_word' id='word_1_272' title='bbox 796 3477 846 3530; x_wconf 89' lang='lat' dir='ltr'><strong><em>deo</em></strong></span> <span class='ocrx_word' id='word_1_273' title='bbox 864 3474 983 3541; x_wconf 84' lang='lat' dir='ltr'>veniam,</span> <span class='ocrx_word' id='word_1_274' title='bbox 1000 3472 1071 3540; x_wconf 85' lang='lat' dir='ltr'>quod</span> <span class='ocrx_word' id='word_1_275' title='bbox 1088 3489 1141 3525; x_wconf 90' lang='lat' dir='ltr'>non</span> <span class='ocrx_word' id='word_1_276' title='bbox 1158 3488 1205 3526; x_wconf 87' lang='lat' dir='ltr'>sua</span> <span class='ocrx_word' id='word_1_277' title='bbox 1221 3471 1287 3526; x_wconf 81' lang='lat' dir='ltr'>lineo</span> 
     </span>
     <span class='ocr_line' id='line_1_34' title="bbox 187 3540 1332 3616; baseline -0.005 -16"><span class='ocrx_word' id='word_1_278' title='bbox 187 3545 340 3613; x_wconf 78' lang='lat' dir='ltr'>voluntate,</span> <span class='ocrx_word' id='word_1_279' title='bbox 363 3549 412 3601; x_wconf 85' lang='lat' dir='ltr'><strong><em>ssd</em></strong></span> <span class='ocrx_word' id='word_1_280' title='bbox 429 3549 464 3602; x_wconf 87' lang='lat' dir='ltr'>ob</span> <span class='ocrx_word' id='word_1_281' title='bbox 480 3547 586 3616; x_wconf 84' lang='lat' dir='ltr'>impiam</span> <span class='ocrx_word' id='word_1_282' title='bbox 601 3545 757 3600; x_wconf 86' lang='lat' dir='ltr'>Iudaeorum</span> <span class='ocrx_word' id='word_1_283' title='bbox 774 3543 975 3614; x_wconf 81' lang='lat' dir='ltr'>perversitatem</span> <span class='ocrx_word' id='word_1_284' title='bbox 994 3540 1142 3594; x_wconf 84' lang='lat' dir='ltr'>evenirent.</span> <span class='ocrx_word' id='word_1_285' title='bbox 1178 3557 1289 3610; x_wconf 85' lang='lat' dir='ltr'>cumque</span> <span class='ocrx_word' id='word_1_286' title='bbox 1331 3549 1332 3554; x_wconf 78' lang='grc'>’</span> 
     </span>
     <span class='ocr_line' id='line_1_35' title="bbox 188 3609 1287 3694; baseline -0.006 -24"><span class='ocrx_word' id='word_1_287' title='bbox 188 3618 255 3670; x_wconf 68' lang='lat' dir='ltr'>urin</span> <span class='ocrx_word' id='word_1_288' title='bbox 271 3616 361 3670; x_wconf 78' lang='lat' dir='ltr'>excisa</span> <span class='ocrx_word' id='word_1_289' title='bbox 377 3633 435 3670; x_wconf 83' lang='lat' dir='ltr'>sum</span> <span class='ocrx_word' id='word_1_290' title='bbox 451 3616 493 3670; x_wconf 88' lang='lat' dir='ltr'>sui</span> <span class='ocrx_word' id='word_1_291' title='bbox 510 3617 636 3669; x_wconf 84' lang='lat' dir='ltr'>rictorem</span> <span class='ocrx_word' id='word_1_292' title='bbox 654 3624 735 3684; x_wconf 90' lang='lat' dir='ltr'>atque</span> <span class='ocrx_word' id='word_1_293' title='bbox 756 3611 938 3694; x_wconf 83' lang='lat' dir='ltr'>triumphalem</span> <span class='ocrx_word' id='word_1_294' title='bbox 958 3609 1157 3679; x_wconf 70' lang='lat' dir='ltr'>praedicarent,</span> <span class='ocrx_word' id='word_1_295' title='bbox 1183 3611 1287 3680; x_wconf 79' lang='lat' dir='ltr'>respuit</span> 
     </span>
     <span class='ocr_line' id='line_1_36' title="bbox 188 3676 1289 3756; baseline -0.005 -18"><span class='ocrx_word' id='word_1_296' title='bbox 188 3702 235 3738; x_wconf 86' lang='lat' dir='ltr'><strong><em>ess</em></strong></span> <span class='ocrx_word' id='word_1_297' title='bbox 251 3685 455 3756; x_wconf 76' lang='lat' dir='ltr'>appellationes,</span> <span class='ocrx_word' id='word_1_298' title='bbox 482 3686 574 3739; x_wconf 81' lang='lat' dir='ltr'>dicens</span> <span class='ocrx_word' id='word_1_299' title='bbox 591 3701 644 3738; x_wconf 89' lang='grc' dir='ltr'><strong><em>ιτοτι</em></strong></span> <span class='ocrx_word' id='word_1_300' title='bbox 660 3701 690 3736; x_wconf 86' lang='lat' dir='ltr'><strong><em>se</em></strong></span> <span class='ocrx_word' id='word_1_301' title='bbox 706 3683 759 3737; x_wconf 85' lang='lat' dir='ltr'>ists</span> <span class='ocrx_word' id='word_1_302' title='bbox 776 3699 906 3751; x_wconf 74' lang='lat' dir='ltr'>gessisse,</span> <span class='ocrx_word' id='word_1_303' title='bbox 931 3679 979 3732; x_wconf 92' lang='lat' dir='ltr'><strong><em>sed</em></strong></span> <span class='ocrx_word' id='word_1_304' title='bbox 997 3676 1104 3732; x_wconf 79' lang='lat' dir='ltr'>divinoe</span> <span class='ocrx_word' id='word_1_305' title='bbox 1122 3679 1179 3732; x_wconf 86' lang='lat' dir='ltr'>irae</span> <span class='ocrx_word' id='word_1_306' title='bbox 1196 3696 1289 3732; x_wconf 83' lang='lat' dir='ltr'>monus</span> 
     </span>
     <span class='ocr_line' id='line_1_37' title="bbox 188 3747 1288 3808; baseline -0.005 -2"><span class='ocrx_word' id='word_1_307' title='bbox 188 3756 398 3808; x_wconf 83' lang='lat' dir='ltr'>sooommodesss</span> <span class='ocrx_word' id='word_1_308' title='bbox 423 3771 455 3806; x_wconf 86' lang='lat' dir='ltr'><strong><em>so</em></strong></span> <span class='ocrx_word' id='word_1_309' title='bbox 479 3754 658 3807; x_wconf 82' lang='lat' dir='ltr'>administrum</span> <span class='ocrx_word' id='word_1_310' title='bbox 682 3753 776 3806; x_wconf 81' lang='lat' dir='ltr'>fnisse.</span> <span class='ocrx_word' id='word_1_311' title='bbox 811 3751 874 3804; x_wconf 86' lang='lat' dir='ltr'>inde</span> <span class='ocrx_word' id='word_1_312' title='bbox 897 3765 955 3802; x_wconf 89' lang='lat' dir='ltr'>oum</span> <span class='ocrx_word' id='word_1_313' title='bbox 979 3747 1078 3802; x_wconf 83' lang='lat' dir='ltr'>virtute</span> <span class='ocrx_word' id='word_1_314' title='bbox 1096 3765 1143 3802; x_wconf 87' lang='lat' dir='ltr'><strong><em>sus</em></strong></span> <span class='ocrx_word' id='word_1_315' title='bbox 1162 3758 1189 3800; x_wconf 91' lang='lat' dir='ltr'><strong><em>et</em></strong></span> <span class='ocrx_word' id='word_1_316' title='bbox 1207 3747 1288 3800; x_wconf 80' lang='lat' dir='ltr'>animi</span> 
     </span>
     <span class='ocr_line' id='line_1_38' title="bbox 188 3816 1287 3886; baseline -0.008 -10"><span class='ocrx_word' id='word_1_317' title='bbox 188 3822 347 3878; x_wconf 80' lang='lat' dir='ltr'>demissione</span> <span class='ocrx_word' id='word_1_318' title='bbox 363 3825 392 3876; x_wconf 90' lang='lat' dir='ltr'><strong><em>in</em></strong></span> <span class='ocrx_word' id='word_1_319' title='bbox 408 3823 510 3877; x_wconf 81' lang='lat' dir='ltr'>honore</span> <span class='ocrx_word' id='word_1_320' title='bbox 524 3832 552 3876; x_wconf 88' lang='lat' dir='ltr'><strong><em>et</em></strong></span> <span class='ocrx_word' id='word_1_321' title='bbox 569 3839 657 3876; x_wconf 80' lang='lat' dir='ltr'>antore</span> <span class='ocrx_word' id='word_1_322' title='bbox 674 3822 787 3874; x_wconf 88' lang='lat' dir='ltr'>omnium</span> <span class='ocrx_word' id='word_1_323' title='bbox 803 3826 889 3885; x_wconf 86' lang='lat' dir='ltr'>esset,</span> <span class='ocrx_word' id='word_1_324' title='bbox 907 3835 939 3870; x_wconf 88' lang='lat' dir='ltr'><strong><em>so</em></strong></span> <span class='ocrx_word' id='word_1_325' title='bbox 957 3833 1008 3886; x_wconf 90' lang='lat' dir='ltr'>quo</span> <span class='ocrx_word' id='word_1_326' title='bbox 1026 3817 1138 3870; x_wconf 86' lang='lat' dir='ltr'>diximus</span> <span class='ocrx_word' id='word_1_327' title='bbox 1154 3818 1231 3870; x_wconf 87' lang='lat' dir='ltr'>mado</span> <span class='ocrx_word' id='word_1_328' title='bbox 1244 3816 1287 3868; x_wconf 89' lang='lat' dir='ltr'><strong><em>in-</em></strong></span> 
     </span>
     <span class='ocr_line' id='line_1_39' title="bbox 188 3883 1286 3956; baseline -0.006 -11"><span class='ocrx_word' id='word_1_329' title='bbox 188 3892 271 3945; x_wconf 86' lang='lat' dir='ltr'>teriit.</span> <span class='ocrx_word' id='word_1_330' title='bbox 304 3900 396 3947; x_wconf 77' lang='lat' dir='ltr'>tantm</span> <span class='ocrx_word' id='word_1_331' title='bbox 418 3899 505 3946; x_wconf 88' lang='lat' dir='ltr'>antem</span> <span class='ocrx_word' id='word_1_332' title='bbox 529 3894 586 3946; x_wconf 86' lang='lat' dir='ltr'>eius</span> <span class='ocrx_word' id='word_1_333' title='bbox 610 3898 694 3944; x_wconf 88' lang='lat' dir='ltr'>morte</span> <span class='ocrx_word' id='word_1_334' title='bbox 721 3888 922 3956; x_wconf 70' lang='lat' dir='ltr'>Romae,luotns</span> <span class='ocrx_word' id='word_1_335' title='bbox 943 3887 1051 3939; x_wconf 80' lang='lat' dir='ltr'>obortm</span> <span class='ocrx_word' id='word_1_336' title='bbox 1068 3887 1133 3952; x_wconf 82' lang='lat' dir='ltr'>suit,</span> <span class='ocrx_word' id='word_1_337' title='bbox 1161 3893 1191 3938; x_wconf 87' lang='lat' dir='ltr'>ut</span> <span class='ocrx_word' id='word_1_338' title='bbox 1206 3883 1286 3938; x_wconf 81' lang='lat' dir='ltr'>inulto</span> 
     </span>
     <span class='ocr_line' id='line_1_40' title="bbox 186 3953 1287 4031; baseline -0.01 -15"><span class='ocrx_word' id='word_1_339' title='bbox 186 3970 306 4031; x_wconf 76' lang='lat' dir='ltr'>tompore</span> <span class='ocrx_word' id='word_1_340' title='bbox 328 3961 442 4016; x_wconf 76' lang='lat' dir='ltr'>virtutes</span> <span class='ocrx_word' id='word_1_341' title='bbox 466 3962 523 4015; x_wconf 85' lang='lat' dir='ltr'>eius</span> <span class='ocrx_word' id='word_1_342' title='bbox 545 3965 777 4014; x_wconf 80' lang='lat' dir='ltr'>commemorantes</span> <span class='ocrx_word' id='word_1_343' title='bbox 795 3965 874 4026; x_wconf 87' lang='lat' dir='ltr'>atque</span> <span class='ocrx_word' id='word_1_344' title='bbox 890 3963 1045 4026; x_wconf 86' lang='lat' dir='ltr'>reputantes</span> <span class='ocrx_word' id='word_1_345' title='bbox 1061 3953 1166 4026; x_wconf 87' lang='lat' dir='ltr'>publice</span> <span class='ocrx_word' id='word_1_346' title='bbox 1186 3961 1213 4006; x_wconf 87' lang='lat' dir='ltr'><strong><em>et</em></strong></span> <span class='ocrx_word' id='word_1_347' title='bbox 1230 3953 1287 4024; x_wconf 90' lang='lat' dir='ltr'>pri-</span> 
     </span>
     <span class='ocr_line' id='line_1_41' title="bbox 187 4023 1226 4100; baseline -0.009 -17"><span class='ocrx_word' id='word_1_348' title='bbox 187 4032 269 4084; x_wconf 81' lang='lat' dir='ltr'>vatim</span> <span class='ocrx_word' id='word_1_349' title='bbox 285 4047 335 4100; x_wconf 85' lang='lat' dir='ltr'><strong><em>per</em></strong></span> <span class='ocrx_word' id='word_1_350' title='bbox 353 4031 445 4084; x_wconf 86' lang='lat' dir='ltr'>domos</span> <span class='ocrx_word' id='word_1_351' title='bbox 460 4040 583 4100; x_wconf 88' lang='lat' dir='ltr'>tanquam</span> <span class='ocrx_word' id='word_1_352' title='bbox 600 4045 647 4082; x_wconf 89' lang='lat' dir='ltr'><strong><em>suo</em></strong></span> <span class='ocrx_word' id='word_1_353' title='bbox 665 4029 778 4098; x_wconf 86' lang='lat' dir='ltr'>quisque</span> <span class='ocrx_word' id='word_1_354' title='bbox 794 4025 939 4082; x_wconf 78' lang='lat' dir='ltr'>infortunio</span> <span class='ocrx_word' id='word_1_355' title='bbox 955 4031 1064 4094; x_wconf 80' lang='lat' dir='ltr'>eccepto</span> <span class='ocrx_word' id='word_1_356' title='bbox 1082 4023 1226 4092; x_wconf 84' lang='lat' dir='ltr'>plorarent.</span> 
     </span>
     <span class='ocr_line' id='line_1_42' title="bbox 254 4089 1287 4167; baseline -0.008 -13"><span class='ocrx_word' id='word_1_357' title='bbox 254 4101 331 4154; x_wconf 78' lang='lat' dir='ltr'>Auno</span> <span class='ocrx_word' id='word_1_358' title='bbox 348 4103 405 4153; x_wconf 85' lang='lat' dir='ltr'>eius</span> <span class='ocrx_word' id='word_1_359' title='bbox 422 4102 537 4155; x_wconf 70' lang='lat' dir='ltr'>meando</span> <span class='ocrx_word' id='word_1_360' title='bbox 554 4115 673 4167; x_wconf 77' lang='lat' dir='ltr'>magnum</span> <span class='ocrx_word' id='word_1_361' title='bbox 690 4097 744 4152; x_wconf 80' lang='lat' dir='ltr'>fuit</span> <span class='ocrx_word' id='word_1_362' title='bbox 760 4099 860 4152; x_wconf 85' lang='lat' dir='ltr'>Rornae</span> <span class='ocrx_word' id='word_1_363' title='bbox 876 4094 1035 4148; x_wconf 80' lang='lat' dir='ltr'>incendium.</span> <span class='ocrx_word' id='word_1_364' title='bbox 1071 4109 1102 4144; x_wconf 87' lang='lat' dir='ltr'><strong><em>so</em></strong></span> <span class='ocrx_word' id='word_1_365' title='bbox 1115 4091 1147 4145; x_wconf 80' lang='lat' dir='ltr'><strong><em>S.</em></strong></span> <span class='ocrx_word' id='word_1_366' title='bbox 1159 4091 1193 4144; x_wconf 83' lang='lat' dir='ltr'><strong><em>C.</em></strong></span> <span class='ocrx_word' id='word_1_367' title='bbox 1206 4089 1287 4146; x_wconf 88' lang='lat' dir='ltr'>Titus</span> 
     </span>
     <span class='ocr_line' id='line_1_43' title="bbox 186 4159 1285 4240; baseline -0.007 -18"><span class='ocrx_word' id='word_1_368' title='bbox 186 4167 251 4222; x_wconf 86' lang='lat' dir='ltr'>dens</span> <span class='ocrx_word' id='word_1_369' title='bbox 268 4169 415 4240; x_wconf 85' lang='lat' dir='ltr'>sppellatus</span> <span class='ocrx_word' id='word_1_370' title='bbox 432 4178 481 4224; x_wconf 84' lang='lat' dir='ltr'>est.</span> <span class='ocrx_word' id='word_1_371' title='bbox 516 4168 540 4222; x_wconf 88' lang='lat' dir='ltr'>is</span> <span class='ocrx_word' id='word_1_372' title='bbox 557 4167 636 4220; x_wconf 86' lang='lat' dir='ltr'>Titus</span> <span class='ocrx_word' id='word_1_373' title='bbox 650 4165 766 4221; x_wconf 85' lang='lat' dir='ltr'>biennali</span> <span class='ocrx_word' id='word_1_374' title='bbox 779 4163 917 4221; x_wconf 87' lang='lat' dir='ltr'>obsidione</span> <span class='ocrx_word' id='word_1_375' title='bbox 930 4159 1116 4230; x_wconf 82' lang='lat' dir='ltr'>Hierosolyma</span> <span class='ocrx_word' id='word_1_376' title='bbox 1129 4160 1202 4230; x_wconf 84' lang='lat' dir='ltr'>oepit</span> <span class='ocrx_word' id='word_1_377' title='bbox 1214 4177 1285 4214; x_wconf 84' lang='lat' dir='ltr'>eam-</span> 
     </span>
     <span class='ocr_line' id='line_1_44' title="bbox 186 4228 1285 4308; baseline -0.008 -15"><span class='ocrx_word' id='word_1_378' title='bbox 186 4253 238 4308; x_wconf 80' lang='lat' dir='ltr'>que</span> <span class='ocrx_word' id='word_1_379' title='bbox 254 4247 338 4294; x_wconf 84' lang='lat' dir='ltr'>totam</span> <span class='ocrx_word' id='word_1_380' title='bbox 352 4238 480 4296; x_wconf 81' lang='lat' dir='ltr'>orsmsrit</span> <span class='ocrx_word' id='word_1_381' title='bbox 496 4245 576 4308; x_wconf 78' lang='lat' dir='ltr'>etque</span> <span class='ocrx_word' id='word_1_382' title='bbox 591 4235 708 4304; x_wconf 82' lang='lat' dir='ltr'>delerit,</span> <span class='ocrx_word' id='word_1_383' title='bbox 728 4235 904 4308; x_wconf 84' lang='lat' dir='ltr'>templumque</span> <span class='ocrx_word' id='word_1_384' title='bbox 922 4230 1053 4300; x_wconf 84' lang='lat' dir='ltr'>inoeudit,</span> <span class='ocrx_word' id='word_1_385' title='bbox 1071 4229 1151 4286; x_wconf 86' lang='lat' dir='ltr'>siouti</span> <span class='ocrx_word' id='word_1_386' title='bbox 1165 4228 1285 4286; x_wconf 85' lang='lat' dir='ltr'>dominus</span> 
     </span>
    </p>
   </div>
   <div class='ocr_carea' id='block_1_7' title="bbox 0 0 1518 4784">
    <p class='ocr_par' dir='ltr' id='par_1_7' title="bbox 0 0 1518 4784">
     <span class='ocr_line' id='line_1_45' title="bbox 0 0 1518 4784; baseline 0 0"><span class='ocrx_word' id='word_1_387' title='bbox 0 0 1518 4784; x_wconf 95' lang='lat' dir='ltr'><strong><em> </em></strong></span> 
     </span>
    </p>
   </div>
  </div>
 </body>
</html>
