3025 4784
422 222 726 302 msromrnuu
743 222 1037 295 σοιτειιιιοιοιι
1146 202 1148 207 ’
1208 226 1283 297 ιιι
1365 172 1370 189 ’

179 397 235 485 τὴν
249 397 445 484 καλουμένην
455 394 626 478 Νεκύοπον,
650 397 684 464 έν
698 387 721 484 ᾖ
734 392 790 463 διά
805 392 1032 486 φαντασμάτων
1052 392 1128 483 έγνοι
1149 396 1189 465 τά
1206 399 1283 484 μίλ-

180 508 274 569 λοντα
285 506 467 585 συμβαίνειν
482 502 576 589 αύτῷ.
626 500 743 567 έκείδεν
755 502 800 579 είς
813 498 870 576 τάς
883 504 1030 583 Σειρῆνας
1044 500 1211 587 ίκρίπτεται
1227 504 1282 571 πέ-
1411 535 1431 580 ις

181 632 258 692 τροις
277 607 330 671 καί
350 605 409 690 τὴν
429 606 619 689 καλουμένην
632 600 797 692 Χάρυβδιν
812 605 864 669 καί
882 601 1033 682 Σκύλλαν,
1058 602 1126 687 ἣτις
1139 605 1171 669 έν
1188 612 1283 696 στενῷ

179 707 267 799 τόπῳ
289 709 464 793 διακειμένη
483 706 663 792 ὑποδέχεται
683 708 722 772 τά
743 712 800 773 τού
819 704 966 771 Ὠκεανοῦ
986 704 1121 794 ῥεύματα
1138 711 1190 773 καί
1210 711 1283 789 τοὺς
1499 758 1500 809 η

155 813 413 900 παραπλέοντας
424 814 556 895 coorto.
605 812 638 875 έν
650 802 677 899 ᾧ
689 809 732 875 τά
742 816 835 877 πλοῖα
851 806 950 875 πάντα
964 809 1042 893 μετά
1057 813 1183 878 καὶτῶν
1199 810 1282 879 έταί-
1298 822 1321 879 Ρ
1339 824 1393 884 183

180 940 247 1002 ραν
268 913 452 999 άποβαλιύν,
485 913 578 991 αύτδς
601 912 758 1002 κρατήσας
780 914 903 989 σανίδος
926 914 959 978 ἓν
980 923 1044 991 τοῖς
1066 910 1196 1003 ῥεύμασι
1220 924 1302 1000 τεάνΙ

178 1016 304 1086 ὑδάτων
322 1019 457 1107 έφέρετο.
506 1025 615 1083 τοῦτον
631 1019 770 1093 Φοίνικες
782 1017 911 1083 πλέοντα
929 1014 1076 1099 λαβόντες
1096 1020 1140 1095 είς
1154 1016 1281 1107 Κρήτην

178 1122 261 1209 πρός
271 1121 423 1204 Ἰδομενέα
436 1120 552 1208 γυμνὸν
562 1119 686 1207 ἤγαγον.
706 1122 759 1185 καί
773 1118 866 1195 αύτδς
876 1120 984 1201 πέμπει
997 1126 1106 1187 τοῦτον
1119 1123 1162 1199 είς
1176 1126 1280 1189 Φαια-

178 1226 252 1291 κίαν
265 1225 321 1308 τὴν
333 1232 389 1290 νῦν
404 1224 565 1310 λεγομένην
580 1209 831 1312 Κίρκαρανδιρδς
841 1222 1016 1305 Ἀλκίνοον,
1042 1224 1183 1304 δεδωκάς
1196 1222 1282 1317 αύτῷ

133 1334 260 1406 unic
273 1326 329 1393 δύο
344 1331 396 1393 καὶ
410 1326 526 1413 ἄνδρας
539 1327 710 1405 ἐπιλέκτους
721 1324 759 1395 ν’.
810 1323 999 1404 ὅἈλκίνοος
1015 1330 1115 1393 τοίνυν
1128 1330 1208 1413 μετά
1223 1336 1280 1396 τοῦ

173 1430 351 1509 Ὀδυσσέας
371 1433 512 1508 πλείονας
531 1428 720 1517 στρατιώτας
735 1426 964 1514 άναλαβόμενος
981 1430 1209 1515 καταλαμβάνει
1223 1433 1282 1517 τὴν

173 1530 315 1618 Ἰθάκην.
365 1536 418 1599 καὶ
432 1533 507 1611 τούς
521 1539 699 1621 μνηστῆρας
713 1535 909 1611 ἀποκτείνας,
929 1530 1075 1618 καθάρας
1087 1558 1119 1600 τε
1133 1535 1186 1600 τδν
1197 1534 1281 1603 οίκσν

178 1636 243 1703 dud
255 1645 318 1703 τῶν
328 1634 585 1721 έπιβουλευόντιυν
596 1637 682 1725 αύτῷ
686 1684 698 1717 ,
723 1636 889 1703 ἀνακτάται
903 1634 959 1718 τὴν
970 1640 1138 1718 βασιλείαν.
1161 1638 1281 1721 βιώσας

178 1731 236 1806 οὖν
254 1735 273 1805 ὃ
292 1739 459 1818 Ὀδυσσεύς
478 1739 610 1817 πολλούς
626 1738 760 1827 χρόνους
775 1736 836 1806 άπὸ
858 1746 913 1805 τοῦ
929 1742 1007 1804 ἰδίου
1023 1741 1135 1818 παιδός
1149 1749 1206 1808 τού
1217 1740 1278 1809 «ind

133 1850 236 1927 ιετῆς
250 1845 371 1931 Κίρκης
385 1843 469 1931 αι’ντῳ
482 1844 676 1929 γεγενημένου
695 1848 751 1909 τοῦ
768 1832 940 1927 Τηλεγόνου
959 1842 1013 1909 τδν
1032 1846 1102 1927 βίον
1123 1845 1275 1913 καταλύει.
1293 1853 1317 1907 Β

175 1946 234 2012 cdv
247 1946 308 2032 γάρ
321 1946 382 2012 clud
395 1953 451 2013 τοῦ
465 1945 536 2011 olori
548 1944 686 2011 θάνατον
700 1945 733 2011 έκ
747 1971 837 2011 τινοον
847 1943 1068 2030 μαντευμάτων
1080 1944 1279 2035 ὑφορώμενος

175 2048 233 2116 τάν
249 2050 433 2134 Τηλέμαχον
446 2048 629 2135 ἓφυλάττετο
644 2052 696 2114 καί
709 2058 842 2116 συνεῖναι
859 2050 943 2137 αὐτῷ
958 2060 1129 2137 παρῃτεῖτο.
1155 2058 1211 2117 τοῦ
1224 2044 1280 2117 σύν
1310 2112 1312 2129 ,

179 2151 353 2239 Τηλεγόνου
367 2154 425 2236 τὴν
436 2149 569 2236 Ἰθάκην
582 2150 808 2235 καταλαβόντος
822 2153 872 2218 καὶ
890 2150 1000 2225 έαυτδν
1015 2159 1059 2241 τῷ
1075 2156 1167 2241 πατρί
1182 2180 1278 2219 κατα-

177 2252 387 2338 μηνύσαντος,
416 2254 462 2338 μὴ
479 2257 723 2343 προσδεχομένου
743 2254 830 2341 παρὰ
850 2260 911 2320 τεάν
933 2252 1089 2342 φυλάκων,
1122 2254 1230 2335 νυκτός
1245 2283 1278 2324 τε

129 2356 275 2443 vorione
292 2361 345 2425 καί
365 2364 500 2445 κραυγῆς
517 2360 677 2443 γενομένης
696 2362 824 2442 νομίσας
840 2356 1006 2435 Ὀδυσσεύς
1027 2357 1080 2423 cdv
1097 2360 1280 2444 Τηλέμαχον

177 2458 256 2529 είναι
270 2462 430 2529 άνίοταται
442 2461 521 2545 μετά
537 2462 663 2550 ξίφους,
692 2463 743 2527 καί
757 2459 921 2543 συμπεσὼν
938 2459 1100 2550 Τηλεγόνῳ
1115 2461 1279 2547 πλήττεται

174 2562 232 2631 o‘rc’
250 2565 349 2631 αύτοῦ
363 2565 477 2653 κέντρῳ
490 2562 654 2652 τρυγόνος,
679 2567 730 2629 καὶ
746 2562 846 2653 τούτῳ
862 2570 906 2652 τῷ
921 2562 1026 2653 τρόπῳ
1041 2570 1175 2655 τελευτᾷ.

276 2664 517 2754 Ἀγαμέμνονά
535 2668 682 2750 βασιλεύς
701 2670 744 2747 είς
763 2667 820 2753 τὴν
841 2670 976 2753 πατρίδα
995 2666 1074 2751 μετά
1088 2666 1278 2755 Κασάνδρας

174 2768 372 2850 άποπλεύσας
385 2760 453 2861 εὗρε
468 2770 746 2861 Κλυταιμνήστραν
757 2770 975 2857 μοιχευομένην
989 2772 1147 2864 Αίγίσδηι.
1198 2770 1277 2859 αὕτη

173 3000 283 3058 nonina
297 3003 462 3074 Nsoyopanu,
487 3001 534 3058 ubi
546 3020 580 3057 ex
594 3001 661 3057 visis
674 3002 830 3073 quibusdam
843 3017 958 3072 eaquae
972 3001 1026 3057 sibi
1041 3008 1169 3057 eventum
1187 3008 1278 3059 essent

173 3075 314 3141 morit.
347 3074 411 3127 iude
425 3074 459 3127 sd
477 3072 600 3127 Sirenum
616 3088 682 3126 esra
697 3072 798 3127 eiectus
816 3078 865 3140 est,
884 3080 913 3126 et
929 3073 963 3127 ad
977 3072 1134 3141 charybdin
1150 3089 1182 3127 ac
1196 3074 1275 3141 Scyl-

173 3141 246 3211 ten,
273 3160 343 3213 qaas
366 3143 397 3195 in
413 3142 534 3196 faucibus
549 3142 603 3195 sito
619 3141 722 3194 Oceani
736 3142 833 3197 fluetus
851 3141 950 3225 exeipit
966 3160 998 3196 ac
1013 3142 1278 3212 praeternavigantes

172 3212 332 3280 abnergit.
366 3212 405 3265 ibi
421 3211 541 3268 omnibus
555 3210 668 3264 neribus
685 3229 717 3264 ac
732 3211 813 3265 sociis
835 3211 952 3279 amissis,
976 3211 1036 3281 ipse
1053 3210 1148 3264 'tabula
1170 3220 1278 3281 arrepta

173 3298 235 3335 can
253 3281 332 3335 undis
349 3282 473 3350 terretur,
489 3281 528 3333 ita
541 3280 640 3333 rebeus
656 3297 674 3333 a
686 3280 862 3335 Phoenicibus
879 3288 1006 3351 exceptus
1018 3280 1155 3347 nudusque
1168 3279 1196 3332 in
1210 3282 1280 3333 cre-

173 3359 230 3404 tna
248 3360 291 3404 ast
306 3350 342 3404 ad
358 3350 524 3404 idomeneum
540 3348 679 3403 deductus.
713 3350 869 3405 Idomeneus
891 3366 948 3402 eum
967 3348 1064 3401 additis
1083 3348 1184 3402 duabus
1201 3348 1279 3401 navi-

172 3420 227 3474 bus
242 3436 276 3471 ac
290 3420 326 3473 60
341 3418 408 3472 viris
424 3416 536 3473 deiectis
553 3418 587 3471 ad
604 3418 740 3475 Alcinoum
755 3420 829 3473 misit
843 3420 871 3471 in
885 3416 995 3473 ins'ulam
1013 3416 1184 3487 Phaeaciam,
1210 3435 1279 3488 quae

172 3504 247 3541 naue
259 3489 397 3557 Corcyrae
411 3506 506 3541 nomen
521 3488 603 3557 gerit.
627 3487 751 3542 Alcinous
765 3505 822 3542 eum
851 3487 969 3557 pluribus
986 3487 1072 3541 adbuc
1088 3485 1214 3541 militibus
1228 3488 1278 3542 sd-

171 3556 458 3625 bibitis‚in1tbacam
475 3556 598 3621 deduxit3
616 3573 669 3626 qus
687 3557 786 3629 potitus
805 3528 931 3627 Κίγκιον,
948 3557 1037 3628 procis
1053 3556 1209 3629 interiectis,
1227 3558 1277 3611 do-

171 3644 272 3695 noque
286 3629 319 3681 ab
336 3628 372 3681 iis
385 3626 433 3695 qui
447 3626 501 3697 ipsi
517 3626 711 3682 insidiabuntur
747 3635 857 3697 urgete,
879 3643 987 3696 regnum
1004 3626 1183 3695 recuperavit.
1218 3642 1277 3681 cum

171 3707 263 3749 autem
280 3696 377 3750 multos
393 3712 476 3749 anuos
491 3696 617 3764 vixisset,
646 3714 663 3749 a
680 3646 833 3766 Telegono,
858 3712 907 3749 suo
925 3703 953 3749 et
968 3696 1060 3749 Circes
1076 3694 1148 3764 filio,
1173 3696 1277 3751 occisus

170 3773 227 3817 eat.
262 3782 322 3819 nam
339 3782 399 3819 cum
419 3782 509 3819 uecern
531 3784 548 3818 a
566 3764 622 3817 filio
645 3782 693 3818 suo
714 3784 747 3818 er
768 3766 924 3835 quibusdam
939 3764 1075 3835 vaticiniis
1092 3774 1235 3833 metueret,
1259 3782 1277 3819 s

171 3833 337 3888 Telemacho
351 3833 406 3887 sibi
422 3836 535 3888 urebat
550 3834 661 3903 eiusque
677 3835 800 3887 convictu
818 3834 979 3888 abstinebat.
1002 3852 1033 3887 ac
1050 3852 1106 3888 cum
1124 3835 1277 3904 'l'eiegonus

171 3902 291 3959 ltbscam
307 3904 465 3973 appulisset,
480 3922 494 3957 s
529 3920 573 3971 ue,
590 3920 647 3955 cnm
661 3920 677 3955 α
693 3904 847 3958 custodibus
863 3920 917 3957 non
933 3904 1123 3969 admitteretur,
1143 3904 1213 3975 patri
1227 3920 1275 3956 suo

169 3973 287 4027 indicari
302 3972 432 4039 iussisset,
451 3988 486 4042 qn
537 3982 591 4026 tum
608 3983 744 4041 nexerat,
763 3972 955 4027 vociferatione
968 3976 1071 4041 oborta,
1089 3972 1275 4026 Telemachum

169 4044 268 4097 adase
281 4050 355 4095 ratus
366 4041 494 4111 ulysse,
513 4059 571 4095 cum
587 4041 675 4110 gladio
694 4042 799 4096 obviem
815 4041 880 4112 ivit,
905 4060 1114 4113 congressusque
1127 4041 1275 4111 Telegono,

169 4114 208 4167 ab
225 4130 258 4165 eu
275 4111 429 4181 pastinme
443 4114 522 4181 spina
536 4112 607 4165 ictus
625 4111 718 4182 periit.

242 4180 422 4249 Agamemnon
443 4198 500 4234 cam
524 4197 576 4233 una
599 4197 657 4234 cum
675 4180 813 4235 Cuandra
834 4180 863 4234 in
903 4181 996 4235 etriam
1018 4178 1187 4247 navigatione
1204 4186 1278 4233 esset

171 4249 292 4320 Metus,
315 4248 346 4304 iu
356 4250 593 4321 clytemnestram
610 4266 718 4305 urucam
733 4268 809 4307 susm
825 4253 861 4307 sb
900 4252 1004 4323 sgistho
1020 4249 1192 4309 adulteratam
1208 4247 1276 4302 inci-
