3025 4784
273 317 324 388 σν
582 403 589 418 ,
634 312 814 388 cronon
838 313 1022 384 ουσιαι

273 485 395 575 αγωγήν
408 485 549 554 άπέναντι
563 491 618 572 τής
633 487 754 577 πέτρας.
780 491 832 555 καλ
848 448 908 556 εἶπε
925 486 1031 577 κάριος
1041 485 1118 574 πρός
1133 483 1245 566 αι’ντσάς
1254 481 1375 553 “tiroei-

274 592 348 657 σατέ
363 617 424 676 μου
440 590 470 655 οἱ
485 591 631 670 ἀπειθεῖς.
681 593 726 676 μή
747 593 781 656 ir
799 599 854 677 τῆς
874 595 986 680 πέτρας
1005 589 1118 676 ταάτης
1137 590 1281 673 έξάξομαι
1298 587 1374 672 δμῖν

272 693 401 782 iiiam?
433 697 485 760 καὶ
506 693 622 784 έπάρας
634 699 779 780 Μωῦσής
799 697 855 781 τήν
874 706 964 784 χεῖρα
986 695 1082 762 αάταῦ
1097 696 1148 759 καλ
1165 691 1302 772 πατάξας
1316 694 1374 776 τήν

272 800 385 884 πέτραν
401 800 449 874 δλς
465 805 503 885 τῇ
517 795 639 888 ῥάβδῳ,
661 801 789 883 έξήλθεν
803 798 891 886 ὕδωρ
902 797 1000 880 πολά,
1021 801 1072 864 καὶ
1084 795 1193 883 έπιενή
1211 795 1374 882 συναγωγή

235 918 261 974 Ι)
278 905 329 965 καὶ
345 903 384 966 τά
399 900 492 985 κτήνη
507 903 616 969 αὐτῶν.
666 905 717 967 καὶ
735 899 797 968 εἷπε
813 901 917 990 κάριος
932 903 1010 991 πρὸς
1023 906 1166 984 Merop
1179 903 1230 966 καλ
1240 896 1400 986 ’Λαράνό

268 1001 367 1069 “bar’
393 995 436 1070 ὧν
460 1005 517 1070 οὐκ
537 1003 729 1071 ἕπιστεάσατε
754 1002 879 1092 άμάσαι
903 1032 942 1089 με
963 1008 1097 1072 έναντέσν
1117 1012 1172 1071 rori
1192 1009 1284 1081 λαοῦ,
1318 1001 1374 1066 διδι

272 1113 363 1172 τοῦτο
383 1105 439 1174 oria
462 1105 592 1186 ελσάξετε
612 1103 699 1191 ὗμεῖς
719 1109 776 1193 τήν
795 1108 973 1195 συναγωγήν
992 1106 1107 1194 ταάτηκ
1130 1111 1172 1186 εδς
1191 1107 1247 1189 τήν
1261 1110 1318 1191 γῆν
1333 1101 1375 1187 ήν

273 1207 373 1276 έδωκα
387 1209 499 1288 αὐτοῖς.
551 1211 599 1277 διδ
618 1209 821 1298 προστεθήτω
838 1212 971 1298 Ἀαρὼν
992 1211 1069 1300 πρδς
1089 1211 1143 1277 τδν
1167 1210 1242 1275 λαδν
1265 1207 1375 1285 αὐτοῦ,

256 1316 324 1388 ,καὶ
339 1314 538 1394 ἀποθανέτω,
568 1311 645 1380 διότι
667 1313 866 1400 παρωξάνατέ
877 1343 915 1400 με
930 1317 978 1380 ἐπὶ
989 1322 1046 1382 τοῦ
1061 1312 1174 1391 άδατας
1183 1319 1238 1396 τῆς
1250 1312 1375 1376 ἅντιλο·

272 1415 373 1502 γέας.”
420 1419 475 1481 ‘rai
490 1417 651 1500 ἀνεβίβασε
667 1421 811 1503 Μωῢσής
825 1419 879 1485 τδν
889 1418 1021 1505 Ἀαρών
1034 1419 1076 1496 εἰς
1091 1417 1125 1482 τδ
1141 1415 1230 1502 ὄρος,
1253 1416 1304 1479 καὶ
1321 1415 1418 1490 lii-1⁰

273 1519 379 1585 έδυσεν
392 1517 484 1584 αάτδν
496 1519 536 1585 τὰ
548 1520 682 1608 ἱερατικά
694 1519 812 1604 ἱμάτια,
837 1524 889 1588 καὶ
904 1523 1042 1588 ἐνέδυσεν
1059 1519 1138 1586 abra
1151 1517 1302 1606 Ἐλεάζαρ
1318 1514 1376 1582 τόν
1491 1588 1492 1595 η

274 1622 341 1688 υἱὸν
356 1621 460 1688 αὐτοῦ.
510 1624 561 1688 καλ
579 1624 730 1690 ἀπέθανεν
740 1625 874 1713 Ἀαρὼν
890 1627 923 1691 ἓν
936 1631 980 1713 τῷ
996 1626 1230 1710 τεσσαρακοστῷ
1244 1620 1301 1685 έτει
1316 1624 1377 1702 τῆς

273 1721 380 1802 ἐξόδου
395 1733 456 1791 τῶν
469 1725 543 1790 υἱῶν
553 1725 700 1813 Ἰσραήλ,
725 1727 818 1812 ζήσας
833 1728 883 1813 έτη
899 1725 976 1815 ρκγ’.
1024 1731 1075 1793 καὶ
1090 1725 1233 1792 έκλαυσεν
1246 1722 1338 1788 αὐτὸν
1353 1717 1374 1785 δ

185 1841 207 1892 P
223 1838 259 1896 ⁵2
274 1827 349 1905 λαός
361 1823 477 1916 ήμέρας
488 1826 660 1915 τριάκοντα.
686 1833 737 1895 καλ
749 1831 829 1914 μετὰ
841 1837 938 1897 ταῦτα
951 1827 1013 1898 εἶπε
1023 1827 1129 1917 κάριος
1145 1827 1376 1914 πρδςΜιυῦσήν

269 1926 430 2014 “οἰνάβηθι
446 1935 489 2008 εἰς
503 1933 537 1998 τδ
554 1931 627 2017 ὄρος
640 1939 764 2016 Ναβάν,
785 1937 835 1999 καλ
848 1934 893 2000 ἴδε
904 1934 960 2017 τήν
972 1940 1028 2019 γῆν
1040 1933 1079 2018 ἢν
1091 1935 1201 2013 δίδωμι
1216 1940 1281 2006 τοῖς
1292 1927 1375 2004 υἱοῖς
1383 1935 1417 1993 15

231 2053 242 2076 r
269 2032 418 2122 Ἰσραήλ,
444 2037 495 2098 καλ
511 2033 635 2100 τελεάτα
648 2038 713 2102 ἐκεῖ
722 2035 756 2102 ὃν
770 2033 884 2124 τρόπον
898 2036 1051 2102 ἀπέθανεν
1061 2029 1222 2122 Ἀαριδνδ
1238 2027 1376 2118 ἀδελφός

274 2162 341 2216 σου,
367 2135 446 2201 διότι
459 2135 646 2222 ἠπειθήσατε
662 2146 705 2226 τῷ
718 2138 834 2228 ῥήματί
843 2163 905 2224 μου
921 2141 969 2205 έπλ
984 2147 1038 2206 τοῦ
1053 2137 1168 2214 άδατυς
1183 2142 1238 2220 τῆς
1249 2134 1375 2216 ἀντιλο-

271 2240 339 2325 γέας
354 2239 516 2324 Κάδδης.”
568 2247 624 2306 τοῦ
644 2243 677 2307 δέ
692 2243 854 2320 Μωϋσέως
869 2241 968 2307 πολλά
981 2245 1032 2307 καλ
1046 2239 1192 2317 πολλάκις
1208 2239 1376 2322 δεηθέντος

270 2349 329 2408 τοῦ
344 2348 422 2408 θεοῦ
434 2340 640 2431 περδτοάτσυ,
674 2348 724 2410 καλ
741 2327 1027 2431 λέγοντας“διαβδιξ
1040 2336 1113 2424 οὖν,
1144 2334 1285 2429 ὦκάριε,
1315 2339 1374 2405 τόν

267 2445 424 2531 Ἰορδάνην
441 2445 560 2529 ὄψομαι
574 2447 631 2531 τήν
646 2446 769 2533 άγαθήν
781 2455 838 2534 γῆν
850 2447 998 2532 έκεένην,”
1024 2444 1085 2513 εἶπε
1101 2444 1205 2533 κάριος
1217 2443 1294 2531 πρδς
1310 2442 1417 2511 oei-2⁰

269 2547 323 2614 τόν
333 2547 532 2615 “inauratura
549 2575 608 2617 σοι.
657 2551 715 2637 δρα
730 2551 776 2636 μή
790 2551 964 2637 προσέλθῃς
977 2576 1032 2634 μοι
1048 2549 1091 2615 ἴτε
1104 2551 1172 2634 περὶ
1187 2545 1297 2613 τούτου
1312 2551 1373 2611 λα-

271 2657 381 2736 λῆσαι,
408 2651 479 2723 ἀλλ’
498 2652 572 2719 idcir
585 2652 640 2736 τήν
657 2653 783 2738 άμιθήν
796 2660 929 2738 μήντοῖς
944 2654 1121 2740 ὀφθαλμοῖς
1135 2677 1193 2716 σου
1207 2647 1368 2716 retrove?

233 2770 257 2827 B
275 2759 325 2821 roi
340 2753 512 2844 γράψαςὲκ
525 2754 759 2844 προστάγματος
773 2758 878 2843 κυρίου
894 2757 950 2840 τήν
962 2755 1096 2840 μεγάλην
1110 2753 1202 2843 ηλδήν,
1235 2755 1286 2817 καλ
1301 2754 1371 2817 έπι-

270 2861 339 2936 θεὶς
362 2858 417 2936 τάς
437 2868 543 2946 χεῖρας
563 2860 612 2924 έπλ
631 2859 749 2944 Ἰησοῦν
763 2865 820 2925 τοῦ
832 2865 925 2943 Nom}
939 2863 982 2938 εἰς
994 2859 1030 2924 τδ
1046 2859 1251 2936 διαδέξασθαι
1265 2851 1371 2937 αὐτόν,

271 3019 322 3072 inm
337 3018 364 3071 in
379 3018 529 3072 concionem
544 3019 694 3074 advocavit.
728 3027 783 3075 tum
801 3021 866 3076 deus
880 3036 925 3074 eos
938 3020 977 3074 its
993 2973 1035 3074 est
1051 3020 1147 3074 affatus
1162 3013 1271 3073 “audite
1282 3035 1334 3087 me,
1351 3036 1371 3072 o

271 3087 414 3142 incredulia
439 3107 525 3142 nonne
550 3107 582 3142 ex
607 3090 657 3142 boc
679 3105 743 3144 saxo
764 3091 840 3144 robis
861 3107 954 3160 aquam
974 3083 1150 3142 eliciamusi’'
1183 3087 1259 3142 simui
1277 3087 1370 3142 Moses

272 3157 375 3210 sublata
392 3175 573 3212 menusanum
591 3159 682 3212 baculo
698 3159 740 3214 bis
759 3159 905 3229 percussit,
931 3167 959 3214 et
974 3159 1082 3228 eopiosa
1098 3157 1160 3211 inda
1176 3175 1244 3228 aqna
1262 3173 1370 3210 emaus-

245 3267 251 3299 ,
271 3225 326 3290 rit,
351 3227 472 3297 bibitque
489 3227 599 3298 populus
623 3236 651 3282 et
673 3229 800 3283 iumenta.
835 3230 900 3282 deus
921 3237 1006 3282 sotem
1022 3227 1124 3280 Morem
1138 3235 1166 3280 et
1182 3227 1312 3281 Aaronem
1328 3227 1371 3280 sic

273 3296 452 3367 compeliavit:
468 3291 627 3382 “propterea
644 3299 713 3368 quod
733 3315 785 3350 non
794 3297 954 3382 'accidistis
970 3296 1034 3350 mihi
1049 3305 1157 3350 eatenus
1174 3306 1204 3351 ut
1221 3312 1304 3378 meam
1320 3313 1369 3348 co-

272 3383 326 3420 ram
344 3367 441 3437 populo
457 3375 621 3420 sanctitatem
637 3368 831 3436 defenderetis,
849 3368 908 3420 ideo
923 3384 972 3420 vos
988 3373 1089 3420 coetum
1106 3364 1174 3419 bunc
1191 3383 1243 3418 non
1257 3365 1370 3418 andace-

272 3433 307 3488 tis
324 3433 351 3488 in
369 3443 464 3488 terram
484 3436 548 3505 ipsis
566 3454 581 3491 a
599 3455 639 3489 me
657 3437 822 3491 destinatam.
848 3436 960 3507 proinde
975 3435 1063 3489 Aaron
1079 3437 1189 3488 accedat
1205 3433 1301 3505 popuio
1319 3451 1369 3487 suo

272 3503 450 3572 emoriatur,
467 3505 529 3574 quia
547 3523 586 3558 me
603 3505 728 3560 irritastis
743 3507 812 3576 apud
826 3522 920 3574 aquam
933 3499 1036 3558 rixae.”
1069 3505 1160 3574 itaque
1176 3503 1266 3556 Moses
1283 3503 1369 3556 Aaro-

270 3589 329 3624 nem
347 3571 374 3624 in
392 3583 503 3626 montem
521 3575 644 3642 adduxit,
669 3591 782 3644 eumque
799 3575 919 3629 vestibus
932 3573 1137 3628 sacerdotalibus
1154 3572 1243 3640 exuit,
1267 3573 1370 3641 basque

270 3640 325 3693 filio
343 3641 427 3712 ipsius
443 3643 573 3697 Eleazaro
590 3644 686 3698 induit.
719 3643 760 3698 ita
774 3645 863 3698 Aaron
885 3643 942 3697 vita
958 3643 1073 3697 decessit
1089 3659 1158 3694 anno
1176 3643 1209 3694 ab
1227 3639 1299 3695 exitu
1317 3658 1370 3710 po-

270 3708 1370 3837 Piiqbtissttib’13”iinitibiiitiffibititpiiflbitiibffl

268 3797 395 3902 iiraelieo
432 3848 509 3918 opulo
524 3851 707 3972 possidendam
723 3851 893 3924 prospicere,
913 3850 1003 3921 ibique
1019 3797 1250 3919 nori,’qu0noqdo
1266 3855 1294 3900 et
1310 3847 1369 3900 fra·

270 3928 311 3972 ter
329 3919 386 3972 eius
427 3935 491 3972 aron
508 3937 523 3971 o
542 3920 631 3989 iisset,
656 3921 770 3990 iccirco,
795 3921 916 3988 dicebat,
940 3919 1003 3990 quia
1024 3922 1108 3974 verbo
1125 3935 1182 3972 meo
1203 3917 1284 3970 diffisi
1301 3916 1370 3971 estis

269 3990 340 4056 apud
355 3989 458 4054 Gades,
484 3989 516 4041 ud
540 4007 632 4058 aquam
647 3990 730 4044 rixae.
767 4007 825 4043 oum
850 3998 936 4042 autem
957 3987 1047 4043 Moses
1069 4003 1257 4058 saepenumero
1278 3984 1370 4039 multis

269 4057 393 4128 precibus
411 4075 427 4110 a
443 4057 547 4113 domino
564 4059 713 4130 flagitasset
736 4059 777 4112 uti
798 4057 851 4114 sibi
867 4058 1005 4112 Iordanem
1022 4059 1202 4112 transmittere
1224 4065 1366 4127 praestan·

268 4135 374 4196 temque
398 4125 466 4180 illam
490 4134 587 4182 terram
609 4127 729 4182 contueri
744 4127 852 4194 liceret3
879 4129 944 4182 deus
961 4144 1019 4181 eum
1037 4134 1186 4180 contentum
1203 4141 1263 4178 esse
1278 4122 1369 4193 iussit,

269 4210 355 4264 neque
368 4213 398 4249 se
434 4195 525 4249 ortheo
542 4196 619 4252 huius
634 4197 675 4251 rei
693 4213 773 4250 causa
788 4196 965 4268 interpellare,
981 4197 1029 4250 sed
1048 4196 1147 4250 eminus
1160 4200 1303 4265 conspecta
1315 4192 1371 4248 istu

268 4263 378 4331 regions
423 4273 476 4318 tam
494 4281 550 4318 cnm
565 4275 648 4322 morte
661 4273 830 4320 commutare.
865 4283 929 4336 ergo
941 4265 1032 4319 Moses
1050 4265 1094 4318 dei
1110 4265 1231 4318 mandato
1248 4277 1371 4332 magnum

269 4329 333 4386 illud
349 4349 453 4389 carmen
469 4334 638 4409 comoripsit,
653 4335 826 4410 nauibusque
837 4333 934 4392 toruae
947 4335 1043 4391 Nauae
1057 4333 1094 4391 F.
1110 4332 1243 4408 impositis
1255 4331 1302 4401 (eo
1315 4330 1373 4386 ritu
