3025 4784
226 351 268 400 ιι
653 290 904 392 nannoni

224 521 274 586 qut
264 489 440 613 longinque
460 505 546 584 agunt
567 492 656 561 libros
669 493 735 561 'lili
755 493 905 595 ᾱοιίοιιο,
925 501 956 558 at
975 511 1109 556 exsamo
1130 501 1161 556 st
1180 488 1330 554 immortali

226 599 338 664 nomine
352 595 414 662 Tuo
430 596 531 662 lamam
545 610 575 662 et
588 599 708 686 gloriam
722 596 777 662 sibi
790 606 926 683 quaerant
944 615 980 658 ac
998 593 1204 660 immortalitate
1225 591 1328 657 donen-

225 711 281 767 tur.
322 699 378 764 hoc
390 711 483 765 tamen
497 720 616 778 vereor,
638 721 675 765 ns
687 697 755 765 'lc
746 721 777 764 ιι
789 697 903 765 excelso
915 696 1095 762 humanarum
1108 715 1202 761 rerum
1215 692 1329 778 insigne

227 801 347 886 positum
360 812 389 865 et
407 823 542 889 nunqnam
562 823 675 868 vacuum
696 823 753 888 ego
774 819 873 866 nnnsa
893 797 974 864 turba
991 796 1123 862 audacius
1142 794 1282 859 incondito
1296 815 1330 856 ac

227 902 290 968 rudi
304 921 434 968 sermone
449 903 633 990 interpellem,
653 902 752 989 Teque
765 923 875 978 morer,
895 902 973 964 cuius
993 897 1170 984 amplissimis
1182 896 1328 982 cogitatio·

227 1003 308 1068 nibus
322 1024 357 1068 ac
369 1005 493 1070 consiliis
511 1005 655 1092 imperium
669 1004 806 1071 Gallicum
815 1003 999 1092 gubernator,
1022 1021 1084 1064 ιιιι
1105 999 1197 1084 potins
1211 1017 1327 1083 occupa·

227 1102 348 1168 tionibus
365 1101 434 1168 'luis
454 1102 530 1168 bono
550 1103 662 1190 publico
682 1106 851 1192 percendum
876 1114 960 1171 esset.
1003 1100 1055 1167 sed
1079 1121 1200 1186 magnae
1219 1119 1328 1186 quoque

228 1205 339 1278 animae
362 1203 490 1269 literaria
510 1203 583 1270 haec
602 1219 781 1272 avocamenta
802 1229 858 1272 non
871 1215 1007 1272 recusant.
1048 1201 1116 1267 lteic
1135 1213 1226 1266 antem
1242 1200 1328 1264 admi·

227 1327 287 1371 ιοιι
278 1305 373 1371 subit
393 1327 474 1392 ιιιιι
494 1307 590 1394 sagaci
610 1309 727 1374 consilio
750 1310 868 1395 optimus
894 1309 1085 1424 maximusque
1105 1304 1245 1389 princeps,
1268 1322 1329 1364 cum

228 1408 383 1473 excederet
410 1407 457 1474 vel
477 1409 568 1494 potins
585 1411 810 1510 interciperetur
836 1421 870 1478 et
891 1410 930 1483 in
943 1406 1053 1475 caelum
1082 1403 1206 1480 rediret,
1251 1400 1328 1472 Tibi,

125 1547 129 1559 ·
229 1507 387 1575 cardinalis
401 1486 640 1588 Eminentissimc,
661 1534 736 1599 pene
750 1511 884 1588 dixerim,
906 1521 1002 1575 mncta
1021 1505 1142 1595 regendi
1160 1496 1228 1570 dnm
1241 1504 1329 1619 impo-

228 1611 333 1686 suerit,
356 1631 417 1678 cnm
432 1611 560 1679 iuvenilis
577 1613 746 1681 successoris
766 1612 872 1678 animus
892 1611 1012 1676 nondum
1031 1631 1096 1709 per
1104 1619 1179 1671 emet
1200 1606 1329 1691 imperio.

228 1710 272 1774 sie
283 1707 364 1774 Atlas
383 1734 448 1776 cum
462 1713 537 1779 caeli
556 1718 637 1781 oneri
652 1738 686 1782 ss
697 1684 879 1791 addduceret,
898 1690 1048 1778 ilerculam'
1069 1685 1229 1779 cincidas
1243 1703 1331 1772 lenm

228 1809 305 1876 velut
319 1820 412 1878 tentae
426 1813 507 1878 molis
521 1837 668 1902 capacem:
689 1829 718 1882 at
732 1813 968 1904 padomum?
993 1814 1131 1878 maiorem
1143 1811 1262 1874 ltnnuena
1281 1829 1329 1871 na·

228 1919 307 1988 tura,
343 1911 399 1978 deo
422 1915 597 2016 proximum,
625 1918 750 2016 denique
780 1918 869 1994 lovis,
905 1938 963 1981 ιιι
995 1913 1204 2001 Amphitryonis
1234 1910 1329 1974 filium.

228 2023 307 2077 certe
320 2033 376 2077 nou
395 2013 465 2078 elius
484 2037 564 2100 quam
586 2030 665 2082 uatus
684 2019 740 2082 deo
753 2018 862 2083 caelum
875 2013 990 2083 deorum
1002 2016 1099 2079 sedem
1119 2014 1197 2078 ieme
1208 2022 1328 2098 poterat,

229 2113 300 2178 sicut
313 2135 367 2178 nec
380 2114 451 2180 alins
471 2138 553 2204 quam
574 2119 686 2184 divinae
704 2120 804 2185 mentis
820 2119 905 2183 homo
918 2139 988 2181 onus
1009 2115 1121 2200 imperit
1112 2113 1237 2178 Gallici
1250 2112 1329 2176 susti·

190 2211 196 2222 '
226 2235 308 2280 nere.
351 2215 443 2293 Tu,
433 2241 559 2304 nuquam,
589 2221 812 2286 Eminentissime
836 2216 1012 2292 cardinalis,
1043 2225 1142 2278 vocatu
1164 2215 1244 2301 regis
1263 2235 1329 2299 pru·

227 2315 381 2382 deotissimi
395 2318 430 2382 ad
444 2322 527 2408 regni
540 2343 643 2387 arcena
656 2323 799 2388 tractanda
812 2343 868 2385 nou
880 2321 942 2384 sins
953 2316 1066 2382 numine
1086 2315 1220 2380 admissus
1232 2335 1279 2390 es;
1300 2311 1330 2378 id

228 2417 304 2504 quod
318 2441 355 2484 ex
369 2419 454 2486 rebus
468 2423 536 2506 ipsis
551 2422 672 2488 feliciter
688 2436 767 2488 etex
781 2434 848 2488 soto
865 2418 1012 2486 liuentibus
1033 2416 1124 2483 notius
1143 2427 1187 2479 est
1206 2437 1287 2501 quam
1301 2426 1332 2477 ut

229 2520 371 2604 quisquam
396 2535 512 2606 praeter
534 2525 671 2614 malignos
694 2522 833 2589 infitietur.
875 2521 985 2609 mando
1019 2520 1092 2584 enim
1121 2529 1257 2582 terrarum
1280 2514 1331 2581 ille

227 2621 353 2706 praedo,
375 2624 485 2708 qnando
500 2621 578 2690 ciliis
595 2626 718 2691 universi
731 2623 893 2690 candidatus
905 2622 1010 2688 certius
1027 2619 1165 2684 intellexit
1182 2637 1217 2682 sa
1236 2637 1330 2682 rarum

227 2720 318 2785 selum
339 2723 425 2807 potiri
449 2745 505 2790 ιιι
531 2747 631 2812 posse,
652 2747 741 2813 sequa
764 2725 858 2791 alisna
881 2744 973 2810 ιομι
994 2721 1076 2787 irrita
1097 2738 1151 2806 φο
1170 2718 1330 2784 tnvatcrat

227 2822 339 2907 quondo
361 2822 482 2890 feliciter
505 2848 599 2892 ascum
623 2840 712 2892 actm
734 2829 840 2914 putauit
858 2827 885 2892 si
907 2824 979 2888 dnes
997 2843 1064 2886 snos
1079 2841 1141 2884 non
1155 2831 1332 2908 propagaret

224 2921 280 2984 sed
294 2933 433 3002 tueretur,
455 2928 509 2992 nisi
524 2949 559 2992 ex
573 2949 628 3015 quo
642 2929 798 3015 principem
816 2940 938 2994 noatm
954 2923 1161 2989 invictissimum
1176 2925 1271 2988 anima
1283 2943 1329 2987 ra-

228 3020 333 3108 liquit?
356 3027 424 3112 qnid
446 3028 556 3114 singnis
575 3027 809 3091 commemorem?
836 3026 1107 3116 promtoprimnm
1119 3025 1254 3110 stupenda
1266 3024 1330 3089 leli·

228 3123 312 3188 citate
324 3129 450 3192 exercitu
462 3129 653 3205 vatidssmc,
671 3137 727 3190 tum
741 3126 927 3190 munitissimis
940 3127 1120 3212 oppidisque
1136 3124 1261 3191 loccrmn
1279 3148 1328 3190 ne·
1454 3125 1460 3136 ’

227 3234 290 3288 tura
310 3245 364 3311 qua
378 3227 465 3295 milite
480 3231 667 3316 rosignano,
690 3227 876 3318 etemqinterim
889 3227 1035 3292 inclinatas
1049 3228 1127 3291 acies
1146 3238 1175 3293 et
1191 3229 1327 3304 labamsa,

117 3367 119 3375 ι
226 3335 284 3390 tnm
297 3328 400 3394 milites
410 3351 474 3395 snos
487 3331 563 3397 velut
578 3329 706 3396 attonitos
730 3339 759 3392 et
779 3348 886 3413 peoora
901 3327 1011 3394 dcdxcs
1022 3340 1169 3405 cerneret,
1190 3328 1330 3393 ίιιοιιιιι

228 3427 371 3495 Flundrie.
414 3431 523 3497 animos
549 3440 721 3518 sumpserant
742 3429 845 3495 Gallici
869 3429 966 3495 heae
988 3431 1121 3505 nummis,
1149 3429 1277 3514 quondm
1296 3432 1329 3496 in

228 3534 398 3596 ιοιιιιιίιιι
416 3532 554 3596 cecidisse
579 3531 744 3597 ridebantur
762 3531 907 3597 Gallor-
927 3531 1046 3617 impetes
1065 3551 1179 3616 semper
1202 3529 1328 3597 hostiles

228 3634 383 3709 metuendi,
406 3633 479 3720 quod
499 3633 607 3700 scilieet
627 3647 743 3702 externe
763 3635 807 3698 ris
821 3645 918 3698 contra
938 3632 982 3696 tes
994 3633 1123 3718 pimnqne
1139 3633 1181 3698 eie
1194 3633 1328 3701 adfuisset

228 3733 304 3797 velut
318 3734 387 3798 dene
403 3735 576 3811 amachius,
596 3737 723 3821 qnodque
734 3755 786 3800 eos
798 3735 908 3800 obsidio
918 3733 1056 3799 liberatos
1067 3733 1198 3800 viderant
1210 3739 1257 3823 qni
1271 3740 1327 3803 iam

228 3833 378 3919 ingloriam
393 3833 561 3901 deditionem
573 3837 724 3922 parabunt:
749 3837 800 3902 sed
815 3840 907 3902 stetin
926 3835 1002 3901 Galli
1024 3835 1132 3920 ingenii
1150 3835 1189 3900 ad
1206 3861 1326 3928 pugnam

227 3933 304 3998 avidi
325 3935 430 4000 ιιίιίιοο
451 3938 535 4004 urbes
553 3940 702 4004 aninosins
722 3939 855 4026 eggressi
874 3948 950 4013 snnt3
975 3935 1073 4022 quidus
1094 3941 1326 4026 eaptisaxtimuit

227 4035 308 4102 ltalia
324 4059 379 4103 non
398 4057 479 4104 eacus
492 4061 526 4104 ac
539 4040 674 4124 ᾳιοιιιιι
696 4039 815 4127 populna
827 4041 951 4126 gentium
963 4039 1054 4104 victor
1063 4039 1155 4106 Gallis
1167 4041 1325 4107 inentibus

227 4139 340 4224 saepius
360 4142 480 4226 expetit.
524 4141 553 4207 in
576 4141 710 4227 Hispania
729 4140 806 4204 belle
827 4141 938 4227 quidem
963 4142 1077 4228 ancipiti
1097 4158 1245 4232 pugnatum
1266 4155 1324 4208 est:

225 4242 278 4309 sed
295 4241 372 4310 ducis
386 4241 526 4310 tortsstci
549 4263 649 4310 neman
659 4243 784 4329 lliepeno
804 4241 886 4310 militi
899 4242 1036 4311 vincando
1050 4245 1153 4312 iamdiu
1173 4243 1259 4312 letale
1272 4258 1323 4312 est.
