3025 4784
401 262 702 336 msromanuur
722 264 1019 337 coniminum.
1190 263 1267 342 445

158 441 260 522 λογεῖν
271 435 322 501 καλ
335 432 483 524 ἀνρεβούν
494 434 533 504 aci
550 433 725 526 ἀντίγραφα
737 432 986 523 ἀναγκαζόμεθα.
1035 433 1106 504 ούτε
1118 436 1182 523 μὴν
1195 436 1270 524 ὅλην

157 540 208 605 ἐπί
225 541 375 632 θεραπείρ
391 546 447 606 τού
461 537 604 624 σώματος
617 539 673 625 τὴν
686 537 781 608 νύκτα
794 539 910 620 ἔξεστιν
920 539 995 626 ἡμῖν
1010 547 1198 625 κοιμᾶσθαι,
1219 543 1270 609 ἐπί

157 641 239 710 πολύ
259 648 315 727 τῆς
335 640 465 731 ἐσπίρας
484 652 540 728 τῆς
561 645 738 732 φιλολογίας
759 642 1009 733 παρατεινούσης.
1058 646 1101 712 lut
1124 646 1159 712 δέ
1174 647 1269 732 λίγειν

157 747 212 812 καὶ
232 747 273 811 ui
295 747 392 812 l'uiffev
412 747 503 834 μίχρι
520 753 576 831 τῆς
590 744 636 828 θ’,
662 745 737 816 ἐσθ’
755 747 807 814 ὅτε
822 750 876 814 καὶ
890 746 1019 834 δεκάτης
1031 745 1134 836 ὥρας·
1159 747 1271 827 πάντες

131 847 220 936 ὀγάρ
232 848 262 914 oi
274 849 417 928 θέλοντες
432 856 607 938 φιλοπονεῖν
629 850 702 929 τούς
721 850 849 939 καιρούς
869 852 998 930 ἐκείνους
1010 857 1049 940 τῇ
1062 848 1195 930 ἐξετάσει
1210 860 1271 918 τῶν

157 954 255 1018 θείων
271 954 381 1038 λογίων
396 956 456 1042 παλ
474 963 543 1032 ταῖς
559 953 763 1040 ἀναγνώσεσιν
784 954 1001 1022 tumultun?
1053 962 1158 1022 πᾶσαν
1170 958 1272 1022 τοίνυν

159 1052 349 1143 ἑρμηνεύσας
362 1055 419 1140 τὴν
434 1057 525 1122 θείαν
539 1056 663 1145 γραφὴν
677 1055 867 1143 ἐτελεύτησεν
880 1059 956 1126 ἐτῶν
969 1052 1033 1138 ξθ’.
1082 1065 1153 1146 napi
1167 1050 1205 1125 ού
1217 1061 1269 1124 καλ
1285 1065 1311 1121 1>

159 1155 178 1224 ὅ
193 1159 290 1244 μίγας
306 1155 486 1247 Ἔπιφάνιος
504 1160 536 1226 ίν
555 1170 620 1238 τοῖς
634 1163 807 1248 Παναρίοις
824 1163 902 1247 λέγει
917 1159 996 1230 “rosi
1011 1161 1068 1246 μίν
1084 1163 1272 1251 Ἀμβροσίου

159 1259 200 1328 τά
216 1261 294 1350 πρὸς
305 1262 425 1350 τροφὴν
439 1261 526 1352 αύτῷ
539 1289 571 1330 τε
587 1267 638 1329 καὶ
655 1274 719 1344 τοῖς
733 1261 983 1353 ἀξυγράφοιςιιαλ
994 1274 1059 1344 τοῖς
1069 1262 1272 1354 ύπηρετοῦσιν

118 1367 369 1446 Ιθέξαρκοῦντος,
392 1363 512 1452 χάρτας
526 1393 558 1432 τε
573 1369 624 1432 καί
638 1360 736 1434 τάλλοι
750 1373 814 1434 τῶν
829 1365 1049 1452 ἀναλωμάτων,
1069 1375 1126 1436 τού
1137 1371 1172 1435 δὲ
1183 1369 1277 1456 Ὦρα,

158 1469 265 1554 γίνους
281 1465 313 1534 ἐν
331 1494 364 1534 τε
380 1468 560 1556 ἀγρυπνίαις
575 1473 627 1536 καλ
645 1475 809 1549 πολιτείαις
828 1468 1093 1559 ύπερβαλλούσαις
1107 1475 1160 1539 καὶ
1174 1477 1273 1560 σχολῇ

159 1573 286 1658 μεγίστῃ
300 1569 355 1638 τὸν
367 1575 435 1658 περὶ
450 1579 506 1656 τῆς
519 1580 642 1660 γραφῆς
655 1570 831 1653 διανύοντος
846 1571 986 1657 κάματον
990 1623 1001 1656 ,
1032 1579 1083 1640 καὶ
1098 1583 1201 1642 πᾶσαν
1215 1574 1272 1658 τὴν

161 1673 350 1758 καλουμένην
360 1681 431 1756 ,τῶν
453 1673 592 1754 tannim
617 1679 826 1764 πραγματείαν
846 1680 898 1744 καὶ
924 1684 987 1744 τῶν
1010 1683 1125 1744 λοιπῶν
1150 1675 1168 1744 ὅ
1191 1678 1271 1765 ἀνὴρ

161 1777 240 1861 μετὰ
254 1776 393 1860 καμάτου
410 1779 656 1866 πεφιλοτίμηται.
709 1780 745 1846 οά
767 1777 862 1865 μάνου
881 1781 942 1868 γάρ
962 1781 1020 1860 τάς
1034 1779 1201 1867 ἐπισήμως
1220 1782 1272 1847 ἐν-

121 1891 154 1948 15
163 1877 264 1958 δύσεις
279 1879 359 1947 aaut
374 1879 486 1948 ταύτάν
501 1879 677 1968 συνήγαγεν,
704 1883 785 1950 ἀλλά
800 1886 852 1950 καὶ
865 1885 1005 1969 πίμπτην
1018 1887 1069 1950 καὶ
1086 1885 1174 1970 ἐετην
1192 1883 1273 1950 κατὰ

161 1984 235 2062 τούς
245 1980 379 2070 χρόνους
390 1982 519 2062 τούτους
534 1985 566 2050 ἐν
578 1985 694 2073 Ἰεριχώ
708 1988 894 2076 παρατυχὼν
908 1985 940 2053 ἐν
953 2013 1013 2053 τινι
1029 1991 1115 2075 πίθῳ
1121 2035 1132 2068 ,
1157 1984 1274 2066 ταύτας

162 2087 331 2166 συνέταξεν.
362 2087 410 2152 ἐπὶ
422 2087 534 2155 ταύτάν
549 2080 603 2154 σύν
618 2089 720 2168 πάσας
735 2087 926 2176 συναγαγιύν,
948 2089 1057 2157 ἀιελάν
1072 2093 1107 2156 ἀί
1122 2093 1174 2155 καλ
1187 2089 1273 2156 ἀντι·
1288 2105 1312 2160 P
1329 2103 1383 2164 254

162 2192 316 2280 παραθεὶς
333 2187 475 2275 ἀλλήλων
494 2191 572 2276 μετὰ
594 2193 690 2278 αὐτῆς
707 2199 765 2278 τῆς
775 2191 929 2283 Ἑβραίων
942 2189 1136 2278 σημειώσεως
1150 2184 1191 2260 τά
1211 2199 1275 2260 τῶν

162 2293 331 2380 λεγομίνων
346 2291 484 2372 ἐξαπλολν
499 2291 698 2385 ἀντιγράφων
706 2296 828 2384 εὐφυῶς
843 2293 931 2381 μάλα
948 2299 1000 2363 καλ
1015 2293 1223 2382 ἐπιστημόνως
1236 2297 1276 2374 ἐκ,

121 2398 360 2482 ωπολυπειρίας
373 2394 616 2464 nascentium?

261 2499 345 2567 Ἀλλ’
365 2501 421 2566 οὐκ
437 2502 480 2580 είς
494 2503 580 2580 τέλος
595 2499 745 2582 ἀσβεστον
758 2499 853 2566 αύτοῦ
865 2500 901 2566 τὸ
914 2501 1002 2580 ιιλίος
1018 2500 1157 2585 διέμεινε.
1191 2526 1274 2586 συμ-

162 2603 275 2688 βέβηιιε
290 2603 350 2690 γάρ
369 2603 454 2692 αύτῷ
469 2603 504 2670 τὸ
519 2611 575 2688 τῆς
593 2605 791 2690 πολυπειρίας
803 2602 990 2692 δραστήριον
1004 2612 1117 2688 πτῶμα
1132 2605 1276 2688 ἐξαίσιον,

162 2709 214 2774 καὶ
228 2707 332 2790 pinna
344 2705 517 2774 σκάνδαλον
531 2712 655 2786 πολλοῖς
668 2709 720 2772 καί
734 2705 887 2785 ἀπωλείας
902 2705 1049 2797 πρόξενος
1059 2708 1173 2794 γέγονε.
1196 2715 1275 2792 βου·

163 2985 251 3039 nequa
267 2984 285 3022 a
301 2983 385 3022 aesna
402 2965 534 3022 ambulare
550 2971 598 3022 aut
615 2983 711 3039 corpus
729 2965 821 3038 quiete
840 2965 962 3023 rdaxara
976 2967 1073 3039 datur,
1102 2967 1152 3024 aad
1168 2966 1215 3024 ille
1230 2973 1274 3024 at·

163 3037 216 3092 iam
233 3049 353 3108 tempure
369 3037 454 3091 literis
471 3053 568 3090 vacare
585 3045 614 3090 et
630 3037 772 3091 amandare
788 3055 863 3092 exam
882 3037 948 3092 laria
963 3037 1091 3107 angimur.
1109 3055 1195 3110 nequa
1207 3056 1274 3094 vero

32 3155 38 3166 .
164 3107 286 3177 eorporis
298 3106 436 3162 reficiendi
452 3123 533 3161 causa
544 3113 628 3160 totam
645 3106 723 3160 nobis
741 3114 844 3160 nomn
860 3055 975 3161 iormire
989 3107 1159 3175 enneaditur,
1181 3109 1276 3162 labore

163 3177 193 3230 iu
210 3175 316 3230 multam
331 3183 435 3230 οοοιοτο
452 3193 482 3230 se
499 3175 672 3230 extendentes
700 3193 734 3228 na
750 3175 835 3230 dicam
851 3177 885 3230 de
900 3177 1035 3230 matutinis
1050 3176 1203 3246 laboribus,
1226 3175 1275 3247 qui

163 3245 199 3300 ad
216 3261 327 3314 uenam,
351 3261 536 3328 nonnunquam
558 3261 624 3298 varo
648 3243 774 3298 decimam
798 3245 889 3300 horam
908 3245 1089 3316 porriguntur·
1124 3244 1277 3314 quicunque

164 3313 235 3370 euim
249 3314 342 3369 volunt
357 3315 574 3386 occupationibus
590 3312 651 3367 istis
669 3313 812 3382 inservire,
827 3322 949 3385 tempera
965 3315 1019 3368 ista
1034 3313 1214 3368 examinandis
1231 3313 1276 3366 di-

163 3383 236 3438 rinia
260 3384 373 3438 undulis
397 3391 426 3437 et
443 3383 553 3437 lectioni
576 3377 759 3452 inpendunt?
794 3383 927 3453 Origenes
950 3401 1015 3453 erge
1040 3399 1100 3436 eum
1123 3382 1277 3436 universam

164 3469 269 3508 ueram
286 3453 445 3524 scripturam
462 3459 533 3507 esset
549 3451 759 3536 interpretatus²
777 3461 896 3508 mortuus
911 3461 953 3506 est
965 3469 1049 3506 annos
1065 3459 1143 3507 natus
1159 3453 1204 3506 69.
1240 3453 1276 3506 de

164 3521 217 3576 boe
235 3539 344 3591 magnus
363 3521 531 3606 Epiphanius
548 3522 577 3575 iu
595 3521 716 3574 Panuriis
735 3539 776 3574 sie
791 3522 900 3576 scribitz
919 3521 1103 3591 suppeditavit
1120 3521 1276 3575 Ambrosius

164 3591 292 3646 alimenta
307 3597 335 3646 et
351 3591 405 3662 ipsa
422 3601 450 3646 et
467 3591 641 3661 scriptoribus
658 3599 686 3644 et
704 3589 847 3659 ministris,
861 3591 984 3660 aliosque
997 3597 1115 3661 sumptus
1127 3589 1276 3645 liberaliter

164 3661 243 3714 iacit.
277 3661 410 3731 Origenes
434 3669 521 3715 autem
544 3659 644 3730 vigiliis
667 3677 699 3714 aa
716 3659 849 3714 industria
866 3659 1068 3715 incredibilibus
1085 3676 1101 3712 ο
1120 3675 1152 3712 us
1168 3658 1277 3714 divinas

166 3729 325 3799 Scripturas
342 3729 505 3796 elaboravit3
528 3747 559 3783 ac
584 3745 652 3800 quaa
677 3728 844 3800 appellantur
862 3728 1000 3800 Hexapla,
1022 3736 1083 3782 atr
1109 3728 1278 3797 'quaomnia

165 3816 261 3868 magno
277 3798 371 3854 labere
388 3799 514 3854 coniecit.
549 3816 602 3852 nen
619 3797 688 3854 enin
706 3807 809 3852 tantum
827 3798 879 3852 insi
918 3816 946 3852 es
962 3798 1028 3852 istas
1046 3797 1177 3852 aditiones
1194 3797 1279 3852 colle-

165 3868 217 3938 git,
236 3867 284 3922 aed
301 3876 330 3922 et
348 3867 466 3940 quintam
483 3876 511 3924 at
526 3877 627 3923 saxum
643 3867 797 3922 laniabunte
812 3867 841 3921 in
858 3869 892 3921 de
903 3869 928 3921 'o
946 3874 1001 3922 tum
1016 3866 1142 3922 inventas
1158 3865 1278 3931 adiecit3

165 3938 339 4008 omnibusque
363 3939 491 3992 inunum
517 3937 670 4008 cumpositis
694 3936 736 3990 dis
756 3936 901 4006 uultuque,
926 3935 966 3990 ita
991 3942 1023 3990 ut
1047 3937 1141 3991 urdim
1157 3937 1228 3989 inter
1247 3952 1278 3990 sa

166 4007 255 4061 emnia
271 4007 324 4062 aibi
339 4006 511 4078 Ebraieuqua
523 4008 603 4063 etiam
616 4023 692 4076 quem
707 4023 724 4060 a
742 4007 823 4060 debat
837 4006 923 4060 textui
937 4006 1138 4077 responderenta
1153 4003 1277 4075 Hexapla

165 4075 220 4132 lau
234 4076 302 4130 acite
317 4077 455 4132 admodum
471 4085 551 4146 atque
567 4079 644 4130 docte
658 4092 708 4144 pro
722 4091 771 4128 sua
783 4074 882 4144 peritia
896 4075 1075 4130 enneinnavit.

236 4145 299 4200 Non
317 4153 405 4200 tamen
420 4145 507 4228 gloria
526 4145 582 4198 eiua
599 4143 652 4199 riri
669 4145 703 4198 ad
720 4145 799 4198 finem
817 4161 902 4215 usqua
918 4143 1023 4200 illibata
1037 4143 1194 4230 permansit.
1214 4158 1276 4198 nam

165 4213 212 4268 illa
228 4221 283 4270 tarn
299 4215 452 4285 multiplicus
469 4213 583 4284 peritiae
598 4213 743 4268 efficacitas
761 4213 794 4268 ad
809 4222 952 4269 extrenum
968 4213 1125 4285 mmuine
1138 4228 1197 4266 enm
1210 4227 1275 4268 casu

165 4283 281 4352 afflixit3
303 4284 445 4356 multisque
467 4281 625 4338 offendiculo
649 4283 702 4339 suit
719 4290 748 4337 at
765 4281 841 4338 exitii
856 4293 959 4341 auctor.
993 4285 1055 4338 dum
1071 4280 1140 4338 euim
1156 4280 1223 4338 nibil
1239 4281 1278 4338 da
