3025 4784
209 169 260 245 24
566 170 746 246 GEORGII
770 169 955 242 OEDBENI
1029 226 1049 234 ,,
1121 232 1123 235 ,

211 347 263 413 καὶ
284 345 423 432 ποταμόν
444 296 615 432 διορίζοντα
633 342 728 412 αιίτοίιΙ
742 342 783 411 τδ
801 339 872 431 όρία
887 341 940 410 τδν
955 337 1132 434 Εόφρότην.
1181 341 1262 427 Χδιμ
1276 341 1310 409 δὲ

209 457 253 538 τῷ
268 451 398 540 δευτέρῳ
411 447 506 515 oritoni
518 448 592 537 υἱῷ,
618 437 720 534 όιγοντι
735 445 802 526 {tog
816 445 983 537 vt‘st'siorxe
997 447 1053 532 τήν
1067 446 1144 534 πρὸς
1155 442 1245 512 νότον
1257 451 1310 512 καὶ

209 555 300 635 λίβον
323 556 375 618 καὶ
395 553 488 638 μέρος
509 557 565 634 τῆς
585 547 701 630 δόσεως
723 550 784 619 tut
800 547 1054 640 Ῥινοκουροόρων
1068 557 1124 634 τῆς
1138 546 1310 635 Αίγόπτου,
1367 554 1370 560 ’

209 659 384 724 Αίθιοπίαν
397 657 447 720 καὶ
459 653 618 740 Αἴγυπτον
632 656 683 719 καλ
695 651 834 738 Λιβόην,
854 653 1001 744 Ἀφρικήν
1014 656 1066 719 καὶ
1079 654 1309 742 Μαυριτανόαν,

211 759 269 838 έως
279 757 469 846 Ἡρακλείων
485 764 603 843 στηλῶν
619 754 688 840 ήτσι
703 757 760 836 δ’ως
774 763 828 822 τοῦ
843 761 967 823 δυτικοῦ
981 759 1032 823 καὶ
1046 758 1194 840 Λιβυκοῦ
1209 755 1337 846 ὥνια-ό

121 867 145 922 P
163 867 197 927 12
211 869 284 942 νοῶ,
317 861 456 946 ποταμόν
472 862 505 926 δὲ
519 861 688 947 διορίζοντα
702 859 756 926 τὸν
769 865 901 941 Νεῖλον,
935 859 971 938 ὃς
984 863 1035 926 καὶ
1050 863 1082 924 Γ
1078 867 1136 926 εῶν
1154 862 1206 925 καὶ
1219 863 1311 951 Χρυ-

209 960 349 1054 σορρόος.
360 965 485 1051 λέγεται.
532 961 643 1052 Ἰόφεθ
663 964 696 1029 δὲ
716 969 762 1052 τῶ
782 966 875 1054 τρίτῳ
898 963 994 1030 αὐτοῦ
1000 964 1071 1053 ,υἱῷ
1077 1011 1088 1045 ,
1120 960 1224 1048 ἄγοντι
1244 962 1312 1040 ἴτυς

209 1067 283 1150 υκε’,
309 1067 370 1135 ent
388 1070 517 1154 Μηδίας
536 1065 576 1132 τὰ
596 1066 675 1153 πρὸς
691 1064 803 1156 όίρκτον
818 1069 871 1132 καὶ
883 1067 1004 1149 δυσμὰς
1018 1068 1076 1145 ἕως
1087 1068 1243 1154 Γαδείρων
1258 1068 1311 1131 καὶ

209 1175 423 1260 Βρεττανικῶν
438 1167 555 1255 νήσων,
582 1170 741 1255 Ἀρμενίαν
750 1169 885 1256 Ἰβηρίαν
896 1171 1019 1236 Πόντον
1036 1167 1177 1251 Κόλχους
1188 1170 1240 1234 καὶ
1254 1167 1313 1246 τὰς

210 1275 282 1343 κατ’
297 1270 398 1358 Ἰόπην
410 1269 518 1360 χώρας
532 1275 584 1338 καλ
602 1270 714 1358 νήσους
729 1273 785 1351 δ’ως
798 1275 928 1351 Ἰταλίας
941 1277 993 1339 καλ
1007 1275 1039 1338 Γ
1035 1279 1147 1339 αλλιῶν
1157 1266 1310 1367 Ἱσπανίας
1319 1277 1355 1332 10

209 1379 307 1445 τεκαὶ
321 1378 525 1464 Κελτιβηρίας
537 1379 589 1442 καί
602 1379 800 1444 Λυσιτανῶν.
851 1374 932 1444 οὕτω
942 1377 1070 1465 μερίσας
1082 1378 1133 1441 καλ
1151 1373 1313 1463 έγγρόιρως

210 1479 411 1564 διαθέμενος,
436 1478 479 1558 ῶς
495 1505 590 1568 φασιν
596 1528 607 1560 ,
640 1476 826 1566 ἓπαναγνοός
840 1506 873 1566 τε
890 1479 995 1558 αότοῖς
1012 1480 1069 1565 τήν
1084 1475 1238 1563 διαθήκην
1254 1478 1312 1543 αό-

209 1590 267 1650 τοῦ
282 1585 506 1671 έσφραγίσατο,
539 1581 615 1669 παρ’
642 1579 741 1672 ἑαυτῷ
760 1583 921 1667 κατασχὼν
944 1585 1002 1662 έως
1019 1591 1074 1650 τοῦ
1097 1578 1204 1670 βφηβ
1226 1579 1312 1658 ἴτους

209 1685 270 1752 tat
290 1685 390 1770 Ἀδάμ
396 1734 407 1767 ,
437 1689 470 1751 έν
485 1677 510 1776 ᾧ
527 1689 578 1751 καὶ
594 1683 756 1770 ἐκοιμήθη.
806 1688 925 1769 μέλλων
942 1687 976 1752 δέ
990 1691 1131 1752 τελευτῶν
1147 1686 1311 1750 ἐνετείλατο

210 1799 274 1866 τοῖς
293 1791 391 1877 τρισὶν
409 1789 488 1866 υἱοῖς
508 1787 603 1856 αὐτοῦ
617 1789 734 1872 μηδένα
749 1789 888 1855 ἐπελθεῖν
904 1799 968 1866 τοῖς
985 1796 1040 1855 τοῦ
1061 1789 1197 1875 ἀδελφοῦ
1217 1785 1312 1874 ὁρίοις
1320 1793 1355 1849 15

210 1897 262 1958 καὶ
277 1890 414 1970 ἀτάκτως
433 1894 593 1976 ἐνεχθῆναι
607 1891 683 1975 πρὸς
697 1890 750 1956 τόν
771 1891 890 1978 ἕτερον,
923 1887 966 1968 ῶς
984 1890 1093 1958 τούτου
1111 1891 1311 1976 γενησομένω
1500 1896 1505 2001 ή

171 2007 194 2062 Β
212 1998 309 2062 αἰτίου
326 1992 460 2072 στάσεως
477 1994 580 2072 αὐτοῖς
598 1997 649 2063 καὶ
670 1993 810 2076 πολέμων
822 2000 884 2059 τῶν
898 1993 976 2081 πρὸς
992 1991 1152 2076 ἀλλήλους.
1202 1993 1259 2074 τήν
1278 1993 1313 2058 δέ

211 2095 366 2184 διαθήκην
383 2099 479 2164 αότοῦ
491 2098 603 2162 δέδωκε
617 2102 662 2184 τῷ
677 2095 749 2179 Σήμ
770 2093 811 2173 ῶς
831 2094 1014 2186 πρωτοτόκῳ
1027 2097 1085 2184 υἱῷ
1101 2099 1152 2162 καί
1168 2101 1313 2183 θεοφιλε-

210 2203 324 2290 στέρῳ,
358 2199 393 2278 ὃς
407 2203 458 2266 καλ
474 2200 531 2284 τήν
549 2197 712 2284 ήγεμονίαν
729 2199 882 2276 διεδέξατο
895 2200 968 2282 μετ’
986 2199 1079 2266 αὐτὸν
1093 2203 1144 2265 καὶ
1156 2198 1213 2276 τδς
1227 2203 1312 2276 ἐξαι-

209 2305 316 2394 ρέτους
330 2309 391 2369 τῶν
406 2302 482 2394 παρ’
501 2301 597 2368 αὐτοῦ
613 2301 755 2387 εόλογιῶν
770 2297 963 2390 έκληρῶσατο
970 2351 983 2384 ,
1006 2300 1049 2382 ῶς
1065 2305 1116 2368 καὶ
1130 2305 1162 2368 έν
1173 2308 1212 2390 τῇ
1220 2305 1251 2367 Γ
1247 2304 1355 2370 ενδ-ΞΟ

209 2433 257 2476 σει
271 2408 405 2497 φέρεται.
455 2407 507 2472 καὶ
521 2401 672 2490 ἐκοιμήθη
686 2405 718 2470 έν
729 2401 795 2492 όρει
805 2403 955 2492 Λοόβαρ.

309 2510 367 2575 Ἔν
381 2509 415 2574 δέ
428 2515 471 2599 τῷ
486 2507 596 2597 βψηῶ
619 2507 677 2574 ἴτει
691 2514 745 2574 τοῦ
759 2503 893 2592 κόσμου,
920 2508 990 2592 ήτοι
1005 2505 1084 2590 μετδ
1099 2504 1243 2572 διακόσια
1258 2504 1311 2592 έτη

208 2619 266 2698 τῆς
280 2618 421 2698 τελευτῆς
429 2617 513 2693 Νῶε,
533 2611 712 2702 νεωτερίσας
727 2607 744 2678 δ
759 2618 814 2678 τοῦ
826 2611 907 2696 Χδιμ
919 2610 986 2690 υἱός
997 2609 1130 2677 Χαναὰν
1142 2611 1235 2696 έπέβη
1248 2619 1312 2688 τοῖς

208 2807 343 2864 definiret.
379 2791 480 2864 cheno
495 2809 582 2864 eutem
598 2805 714 2864 seeundo
731 2823 780 2863 suo
795 2805 870 2878 filio,
886 2823 983 2863 annom
998 2805 1089 2877 agenti
1105 2806 1312 2878 quadringente-

210 2877 783 3001 κατήκει-κυκλόθεν
798 2877 1312 3018 tonsurentur

487 2987 496 3015 ν
519 3016 526 3030 ‚
575 3015 582 3030 ,
866 2987 875 3016 ν
1059 3016 1066 3031 ,
1299 2978 1312 2988 ”

207 2963 1313 3156 in„ttflrnfttrrtnnnsnn‚‘trenterrestres

207 3153 297 3210 Nilum
314 3156 465 3224 constitnit,
485 3153 530 3226 qui
545 3153 616 3208 idem
634 3155 712 3208 Geon
728 3163 756 3208 et
773 3155 972 3223 Chrysorrhoas
989 3153 1081 3224 (qnasi
1098 3154 1242 3222 aurifluus)
1261 3172 1312 3224 ap·

228 3223 329 3278 ellatur.
364 3225 457 3294 Iapeto
468 3223 554 3278 ‘tertio
571 3223 627 3276 filio
644 3241 739 3278 ennunr
755 3225 846 3293 egenti
862 3223 923 3293 425,
941 3223 1063 3278 attribuit
1079 3223 1205 3292 quioquid
1221 3223 1311 3276 eMe·

206 3238 254 3346 δὶα
268 3294 301 3346 ad
314 3295 519 3363 septentrionem
537 3301 564 3346 et
583 3292 647 3346 solis
664 3293 927 3414 occasumppertinet,
945 3309 1028 3361 usque
1044 3291 1078 3346 ad
1092 3292 1182 3344 Gades
1195 3290 1311 3344 insulas-

207 3377 261 3430 que
274 3363 457 3433 Britannicos,
481 3362 629 3416 Armeniam
652 3361 766 3416 Iberiaru
813 3372 902 3415 onturn
929 3360 1042 3415 Colchos
1067 3369 1147 3429 etque
1170 3360 1310 3414 ulteriores

207 3429 332 3498 regiones
358 3441 438 3514 atquo
463 3429 562 3486 insulas
585 3447 669 3500 usqne
694 3431 727 3484 ad
744 3431 862 3498 Italian,
887 3429 990 3484 Gallius
1013 3429 1168 3498 Hispaniern
1191 3429 1310 3483 Celtibe-

207 3498 273 3553 riem
294 3507 322 3553 et
334 3499 486 3555 Lusitanos.
521 3517 579 3554 oum
594 3501 628 3554 ad
644 3499 714 3552 huno
730 3502 833 3555 modum
849 3500 986 3553 divisisset
1000 3499 1152 3569 scriptoque
1169 3515 1242 3552 suern
1259 3517 1310 3551 vo-

206 3565 334 3622 luntatem
350 3577 462 3624 testatus
480 3577 559 3635 esset,
575 3576 606 3622 ut
622 3569 779 3639 perhibent,
795 3570 823 3623 id
839 3569 891 3623 iliis
907 3569 1045 3636 recitavit,
1063 3575 1142 3634 atque
1158 3576 1222 3638 post
1237 3569 1310 3621 obsi-

244 3645 315 3691 etum
335 3655 418 3706 penes
438 3657 468 3694 ss
487 3638 601 3693 detinuit
617 3654 700 3707 usque
717 3639 751 3693 ad
769 3655 864 3694 annun
881 3641 914 3693 ab
931 3638 1030 3691 Adamo
1047 3636 1131 3704 2592,
1159 3653 1211 3704 quo
1227 3637 1311 3690 vitam

247 3705 306 3760 ivit.
341 3708 482 3762 meriturus
502 3709 587 3762 tribus
606 3707 669 3760 filiis
692 3709 747 3762 suis
769 3708 903 3762 mandevit
920 3725 954 3760 no
971 3707 1031 3775 quis
1047 3721 1137 3757 eorurn
1156 3705 1248 3759 fratris
1265 3723 1311 3759 re-

207 3775 313 3845 gionem
330 3775 469 3830 invaderet
486 3793 579 3830 eumve
596 3775 693 3830 iniuria
708 3777 798 3848 alique
812 3778 950 3830 efficeret:
974 3773 1092 3844 alioquin
1116 3774 1168 3828 hoo
1188 3775 1228 3830 eis
1253 3775 1311 3828 dis-

207 3847 354 3898 cordiarum
369 3853 398 3900 et
411 3846 539 3900 bellorum
554 3846 735 3900 intestinorum
750 3863 852 3900 oausern
870 3845 1016 3899 allaturum.
1033 3852 1216 3898 testamentum
1230 3845 1309 3898 Semo

207 3914 309 3987 qnippe
327 3921 416 3969 eeteta
433 3934 465 3970 eo
481 3915 581 3986 pietate
598 3915 745 3985 praestanti
761 3915 886 3970 tradidite
912 3915 936 3967 is
954 3914 980 3967 ei
995 3912 1024 3966 in
1044 3913 1155 3983 imperio
1172 3914 1309 3981 suecessit,

208 3993 290 4054 atque
310 3984 418 4038 eximias
440 3985 648 4056 prosperitates,
675 4001 740 4054 quas
758 3985 785 4038 ei
800 3991 923 4056 precatus
940 3983 1028 4036 fuerat
1044 3993 1138 4054 pater,
1162 3983 1311 4038 hereditate

207 4063 364 4108 consecutus
382 4061 439 4124 eet,
462 4056 533 4124 quod
555 4054 633 4110 etiem
648 4053 678 4108 in
693 4053 795 4108 Genesi
811 4053 938 4126 seriptum
955 4060 1052 4108 exstat.
1087 4051 1207 4106 humetur
1223 4059 1264 4107 est
1279 4052 1309 4106 in

121 4151 127 4162 =
164 4112 194 4150 Ν
207 4133 297 4178 monte
313 4124 430 4178 Luboro.

276 4191 353 4248 Auno
370 4189 459 4248 mundi
473 4191 551 4264 2791,
569 4187 645 4248 annis
662 4193 696 4247 eh
713 4191 788 4248 obitu
804 4191 882 4248 Noae
898 4191 1028 4263 duoentis,
1045 4189 1139 4246 Chuni
1154 4189 1224 4244 filius
1237 4189 1309 4245 Cha-
