3025 4784
214 194 266 272 40
575 195 754 266 GEORGII
773 193 957 267 canam

177 378 202 435 B
217 363 362 457 μυσαρὰς
373 361 475 446 πόσας
486 367 615 456 μαγείας
629 368 680 434 καί
695 367 865 456 μαγγανίας
874 366 992 445 ἐδίδαξε
997 411 1010 446 ,
1038 370 1123 433 νικᾶν
1135 363 1209 445 roric
1224 369 1317 432 πολι·

215 474 307 558 μίυυς
329 471 362 556 ἐν
384 468 503 550 τούτοις
524 477 710 560 παρεγγυῶν.
760 472 861 539 τοίνυν
883 473 925 548 είς
942 465 1061 554 ήλιιιίαν
1080 468 1192 557 ἀνδρός
1214 469 1317 534 ἐλθὼν

217 572 321 666 φεόγει
341 575 414 652 τοὺς
434 573 521 652 υλυιλς
534 577 630 642 Νίνου
650 582 706 641 τοῦ
723 575 812 640 θείου
832 573 945 653 αὐτοῦ,
976 575 1028 638 καλ
1045 571 1123 659 πρὸς
1138 573 1318 661 Ἀσσυρίους

215 677 345 766 ἔρχεται.
395 675 472 762 πρός
485 679 520 745 δέ
533 674 661 763 Λιβόην
682 679 870 760 διαβαίνοντι
887 675 1044 765 παρθένος
1064 672 1140 763 κόρη
1157 673 1317 764 χωριτική,

217 779 465 870 ιλπηγριωμένους
490 779 603 866 έχουσο
627 781 700 858 τοὺς
719 779 905 868 όφθαλμοιλς
927 781 979 845 καλ
1001 777 1058 857 τὰς
1078 781 1200 865 τρίχας,
1235 777 1342 844 eorde

216 883 382 974 πρόσωπον
395 891 539 976 συναντᾷ.
588 881 627 968 ἣν
648 885 700 952 καί
720 880 836 967 στήσας
853 882 888 948 τό
906 882 1001 965 αὐτῆς
1016 880 1115 964 ὄνομα
1128 879 1244 970 η’ριίτα.
1294 878 1315 966 ἦ

217 988 252 1054 δέ
262 983 462 1054 “Mimo''
481 986 541 1075 ἔφη
551 983 728 1072 “λέγομαι.”
754 987 807 1056 καὶ
823 985 932 1052 αὐτίκα
946 986 1001 1068 τήν
1014 982 1111 1072 κόραν
1127 985 1222 1068 αὐτῆς
1236 984 1317 1050 ἀπο·

218 1089 336 1174 τέμνει·
367 1091 419 1155 καὶ
442 1088 557 1173 ταότην
578 1085 762 1176 ταριχειίσας
778 1087 858 1156 κατὰ
879 1089 936 1167 τὰς
959 1084 1111 1174 ἀρρήτους
1132 1091 1183 1153 καλ
1201 1085 1319 1173 μιαρός

216 1189 380 1278 υποθήκας
396 1192 474 1270 Διὸς
485 1199 541 1261 sod
555 1193 685 1280 πατέρος
701 1192 813 1272 αὐτοῦ,
847 1201 916 1269 ταῖς
931 1193 1020 1278 χερσί
1041 1197 1163 1277 κρατῶν
1183 1193 1235 1254 καλ
1249 1200 1319 1266 ταῖς

217 1299 357 1386 μαγείαις
385 1301 515 1384 θαρρῶν
540 1295 703 1362 sordenia
726 1296 849 1380 ἐχθρῶν
873 1290 990 1379 ἐχώρει.
1040 1292 1180 1382 Γοργόνα
1204 1291 1316 1377 όέτήν
1326 1300 1363 1357 10

178 1398 317 1486 cadom
339 1395 438 1464 ἐκάλει
455 1400 508 1466 διὰ
528 1399 563 1466 τό
584 1405 640 1482 τῆς
651 1400 789 1484 γοητείας
801 1398 916 1486 ἐνεργές
930 1399 983 1462 καί
995 1393 1060 1475 όξό.
1111 1398 1228 1462 ἐκεῖθεν
1239 1395 1319 1482 πρὸς

199 1502 391 1574 ’.Αίθισπίαν
422 1501 534 1585 διαβὰς
557 1498 617 1567 ὕπὸ
645 1502 779 1590 Κηφέως
800 1498 868 1567 τότε
895 1500 1151 1584 βασιλευομένην,
1188 1501 1240 1565 καὶ
1261 1498 1319 1582 τὴν

219 1605 315 1671 αὐτοῦ
348 1604 506 1691 θυγατέρα
537 1604 757 1698 ’ᾼνόρομέδαν
786 1605 974 1688 καλουμένην
1001 1605 1052 1668 sici
1082 1602 1207 1691 ἱέρειαν
1221 1595 1318 1668 οὖσαν

218 1705 376 1795 ἆρποίσας,
402 1707 583 1774 κατέπλευσε
607 1706 659 1772 διὰ
672 1710 787 1794 Συρίας
807 1707 885 1794 πρὸς
896 1707 1089 1772 Λυκαονίαν.
1139 1705 1169 1772 οἳ
1190 1705 1227 1770 όέ
1241 1708 1319 1770 Λυ-

216 1809 323 1887 κιίονες
349 1806 448 1897 τοότῳ
478 1811 708 1888 ἐναντιωθέντες
739 1817 778 1897 τῇ
804 1816 860 1893 τῆς
879 1808 1031 1895 Γοργόνος
1051 1805 1157 1896 πρώτη
1182 1810 1316 1898 βοηθείρι
1325 1818 1363 1876 15

217 1909 470 1997 κατενικήθησαν.
521 1913 585 1977 ἐκεῖ
595 1915 645 1976 καλ
661 1909 748 1977 πόλιν
761 1914 869 1989 κτίσας
878 1914 1020 1998 Περσίδα
1034 1919 1076 2001 τῷ
1091 1914 1158 2000 ίόίιρ
1176 1912 1318 1994 κέκληκεν

217 2013 353 2099 όνόματι.
405 2010 519 2098 στήλην
532 2016 566 2080 di
581 2013 643 2093 ἐξω
661 2021 716 2099 τής
731 2013 847 2090 πόλεως
857 2013 982 2098 στήσας,
999 2018 1050 2079 καὶ
1067 2015 1101 2081 τὸ
1118 2012 1318 2097 ἀπεικόνισμα

217 2127 273 2202 τῆς
287 2115 439 2205 Γοργόνος
452 2121 582 2197 ἐπιθείς,
607 2115 747 2184 Είκόνιον
761 2115 873 2200 ταύτην
887 2116 1091 2200 ἐπωνόμασεν.
1142 2120 1257 2182 ἐκεῖθεν
1269 2119 1319 2182 ἐπὶ

215 2223 369 2308 Ἰσαυρέων
384 2223 434 2286 καί
449 2223 590 2286 Κιλικίαν
604 2218 717 2304 διαβάς
723 2269 734 2300 ,
755 2219 898 2307 χρησμόν
917 2220 1022 2302 λαβὼν
1042 2218 1090 2286 ὅτι
1110 2217 1188 2285 ίνθα
1212 2220 1245 2286 ἐκ
1262 2225 1320 2286 τοῦ

217 2327 313 2390 innoc
329 2322 450 2406 ἀποβὰς
470 2323 523 2389 τὸν
542 2323 655 2410 ταρσὸν
673 2324 831 2411 όόυνηθῇς
846 2331 901 2391 τοῦ
917 2321 1011 2402 ποδός
1017 2371 1027 2403 ,
1052 2325 1137 2408 νίκην
1152 2320 1252 2410 λόβης
1265 2324 1365 2389 esaim

177 2444 203 2497 1)
221 2425 308 2491 πόλιν
328 2423 548 2514 οίκοόυμήσης,
580 2428 636 2510 τήν
650 2427 775 2516 Ταρσόν
796 2429 886 2506 κτίζει
907 2429 957 2491 καί
977 2427 1056 2492 κατὰ
1077 2433 1138 2491 τῶν
1151 2427 1319 2513 Ἀσσυρίων

217 2527 319 2622 ὁρμᾷ,
344 2527 471 2606 τούτους
492 2555 525 2596 τε
546 2529 672 2614 νικήσας
693 2533 745 2596 καλ
769 2529 823 2597 τὸν
836 2527 1082 2616 Σαρδανάπαλον
1103 2531 1154 2594 καί
1174 2527 1244 2606 τους
1263 2537 1318 2594 τοῦ

217 2635 322 2722 γένους
336 2633 430 2699 αὐτοῦ
446 2633 617 2710 ἀπεκτονὼς
632 2637 675 2711 είς
690 2634 776 2711 τέλος
793 2633 905 2710 αὐτοὺς
919 2629 1094 2698 incedam«.
1144 2635 1195 2696 καί
1206 2633 1319 2698 Ἀσσυ-

216 2740 290 2825 ρίων
310 2739 368 2821 τήν
388 2737 546 2820 βασιλείαν
566 2733 752 2825 ἀφελόμενος
771 2737 820 2802 ἐπὶ
834 2743 878 2826 spi
894 2737 961 2826 ίόίιρ
976 2733 1103 2819 ὀνόματι
1118 2734 1245 2825 Πέρσας
1258 2735 1319 2800 αὗ-

216 2915 270 2968 qne
285 2914 375 2952 omnes
391 2896 583 2952 incantationes
601 2903 629 2952 et
645 2897 775 2952 veneficia
792 2896 891 2968 docuit,
908 2899 1000 2952 horum
1017 2916 1069 2969 ope
1085 2896 1221 2952 victoriam
1239 2897 1317 2954 oieb

215 2967 336 3051 hostibus
354 2967 537 3049 peportendam
555 2965 690 3052 poliicena.
726 2967 885 3089 &ansis
908 2969 994 3052 {actm
1011 2967 1131 3052 Perseos·
1140 2967 1206 3020 Nini
1229 2968 1319 3052 patrpi

216 3035 286 3089 idios
306 3035 411 3105 ingrana
429 3037 463 3089 ad
479 3037 605 3104 Assyrios
620 3045 704 3090 venit.
738 3054 767 3089 ιιι
786 3055 802 3090 a
823 3055 852 3090 ιιι
868 3038 984 3090 Africam
1007 3047 1081 3090 eumn
1104 3054 1181 3106 virgo
1202 3047 1319 3092 occurrit

106 3129 111 3148 ι
216 3105 350 3173 indigena,
377 3104 461 3158 oculis
475 3105 630 3176 capillisque
646 3107 721 3160 ferae
737 3107 822 3160 instar
834 3106 955 3161 horrens.
991 3121 1067 3176 quam
1084 3105 1144 3176 ipse
1159 3123 1217 3158 cum
1230 3106 1321 3160 subsi-

217 3182 290 3228 stera
305 3175 446 3244 coegisset,
463 3177 534 3243 qaod
547 3193 642 3228 nomen
659 3183 766 3243 gereret
780 3176 966 3245 interrogavit.
1003 3175 1140 3245 professae
1152 3193 1246 3228 nomen
1258 3175 1320 3228 Μο-

219 3243 300 3296 dusae
319 3245 409 3298 atatim
432 3253 513 3314 capnt
535 3244 697 3313 amputarit3
722 3244 818 3315 idque,
843 3253 874 3298 nt
894 3245 1019 3298 infandae
1033 3253 1114 3314 atque
1129 3245 1321 3299 abominandae

217 3312 291 3366 Iovis
309 3313 392 3382 patris
409 3313 608 3385 praeceptiones
626 3313 767 3382 iubebant,
792 3317 924 3368 conditam
944 3313 1061 3380 babens,
1085 3329 1205 3366 ιιιιιιιιιιιιι
1221 3317 1320 3368 robore

218 3389 247 3434 et
261 3381 418 3450 magicarum
433 3383 528 3436 artium
545 3382 642 3436 fiducia
656 3385 751 3450 fretos,
769 3385 909 3438 adversum
925 3383 1014 3436 hostes
1030 3399 1093 3436 enos
1110 3383 1237 3451 perrexit.
1273 3401 1320 3437 ce·

218 3448 270 3520 piti
286 3467 380 3504 nomon
396 3451 531 3520 Gorgonis
545 3451 671 3521 imposuit
687 3455 721 3506 ob
735 3453 922 3508 efficacitatam
934 3461 963 3506 et
979 3451 1032 3503 rim
1049 3451 1181 3507 veneficii.
1216 3452 1278 3506 inde
1291 3453 1321 3506 in

219 3518 386 3587 Aethiopiam
403 3520 542 3588 transivit,
568 3538 645 3591 qnam
665 3531 728 3576 tunc
744 3522 868 3592 Cepheus
890 3539 973 3591 regno
994 3523 1117 3585 tenebat3
1142 3521 1216 3574 cuins
1238 3521 1319 3574 filiam

217 3587 411 3642 Andromedam
432 3591 593 3660 eandemque
615 3593 779 3645 sacerdotem
802 3590 908 3662 rapuit,
933 3606 965 3642 ac
977 3605 1027 3658 per
1038 3589 1144 3658 Syriam
1161 3590 1195 3643 ad
1210 3590 1319 3658 Lycao-

219 3655 288 3739 niam
304 3657 452 3740 navigavit.
486 3659 625 3728 Lycaones
643 3677 699 3713 οιιιιι
715 3678 747 3714 aa
763 3661 864 3714 Perseo
882 3658 1077 3740 opposuissem,
1129 3659 1195 3712 rimo
1210 3662 1320 3742 Gorgo-

219 3743 261 3778 ιιιτ
277 3724 376 3779 ουκιΙιο
396 3725 495 3781 devicti
514 3737 586 3782 sant.
619 3729 659 3782 ibi
682 3731 773 3784 urbem
790 3731 905 3782 Perseus
922 3727 1041 3780 condidit
1054 3745 1086 3780 ac
1118 3745 1198 3782 aauo
1216 3745 1322 3782 nomine

218 3794 354 3848 Persidem
372 3795 526 3866 appellavit.
560 3805 636 3851 extra
652 3799 743 3851 urbam
760 3805 874 3853 statuam
886 3795 997 3919 poenit,
1015 3804 1096 3866 atque
1111 3799 1145 3850 ab
1163 3814 1195 3850 eo
1212 3797 1320 3852 simula-

219 3881 266 3918 cro
283 3863 401 3918 iconium
418 3863 573 3918 nominavit.
613 3865 676 3920 inde
696 3867 824 3921 Isauriam
843 3875 871 3920 et
910 3864 1006 3918 iliciam
1024 3882 1183 3936 peragrans,
1210 3877 1321 3936 accepto

221 3933 327 3987 oraculo
350 3943 382 3988 nt
404 3951 456 4003 quo
473 3940 531 3986 loeo
548 3935 582 3986 da
599 3952 667 4004 aquo
683 3935 844 3990 descendens
859 3935 888 3987 in
905 3933 994 4001 planta
1010 3935 1086 4006 pedis
1102 3935 1219 3990 dolorem
1235 3936 1331 3989 senti-⁸

221 4010 277 4069 ret,
297 4003 334 4058 ibi
350 4001 487 4056 victoriam
505 4003 637 4056 obtineret
653 4012 732 4075 atque
750 4006 840 4058 arbem
857 4003 1026 4071 aedificaret,
1050 4003 1177 4073 Tarsum,
1203 4023 1220 4058 a
1232 4004 1323 4074 planta

220 4071 297 4140 pedis
314 4071 410 4124 dictam
428 4073 528 4138 urbem,
547 4070 675 4126 condidit.
710 4090 742 4127 ac
755 4081 848 4126 contra
859 4073 985 4141 Assyrios
1001 4075 1137 4144 profectas
1151 4091 1197 4128 eos
1208 4091 1240 4127 su
1276 4092 1324 4127 ra·

220 4139 276 4206 vit,
303 4139 537 4209 Sardanapaioque
558 4157 616 4193 enm
640 4157 689 4196 sna
713 4151 795 4212 genta
815 4149 908 4194 necato
926 4141 1051 4210 Assyrios
1077 4159 1184 4212 prorem
1207 4160 1240 4196 sn
1258 4143 1325 4212 egit,

219 4224 355 4281 regnoque
369 4207 404 4265 iia
419 4209 553 4280 adempto,
575 4209 673 4264 Persas
689 4211 724 4268 de
743 4227 792 4266 saa
810 4210 915 4268 nomine
931 4211 1093 4283 appellarit,
1116 4229 1278 4284 regnumque
1296 4211 1326 4267 in
