3025 4784
413 270 714 342 nisuomsauut
740 270 1038 339 COMPENDIUM.
1202 270 1279 342 795

172 449 227 526 τῆς
247 438 412 528 θαλάσσης
431 442 480 509 ε’πλ
499 439 619 531 ήμὲρας
639 438 745 521 τινάς,
769 444 820 507 καλ
843 442 922 508 κατὰ
944 440 1047 527 βραχύ
1069 442 1279 528 παχυνομίνης

171 533 224 611 καλ
247 546 495 631 άπολιθουμίνης
513 553 554 636 τῇ
573 543 709 634 πυριύδιι
728 542 868 612 ίκκαύσει
887 542 959 623 ὅλος
975 542 992 611 δ
1011 542 1104 623 τύπος
1117 550 1168 613 καλ
1185 544 1278 635 ὃάήρ

170 650 353 736 πυροφαιής
362 652 523 717 ἐδείκνυτο.
572 657 613 737 τῇ
627 650 662 715 δέ
675 646 826 734 παχύτητι
837 655 893 733 τῆς
903 646 1037 733 γεώδους
1049 649 1155 727 ούοίας
1167 675 1277 738 πετρο-

171 752 336 839 κιοοήρους
354 752 506 838 μεγάλους
524 749 569 831 ὥς
586 755 698 830 λίθους
718 752 804 829 τινὰς
824 752 1005 837 ἀναπέμψαι
1025 754 1104 819 καθ’
1126 751 1200 837 ὅλης
1222 760 1278 837 τῆς

145 862 284 942 σμικράς
301 856 418 934 Ἀσίας
434 859 486 923 καὶ
505 857 637 939 Λίσβου
655 859 707 923 καί
725 852 872 939 Ἀβύδου
888 858 938 921 καλ
953 862 1009 939 τῆς
1020 855 1098 941 πρὸς
1109 854 1275 923 θάλασσαν
1291 864 1315 917 Β

169 960 387 1039 ΙΜακεδονίας,
409 956 452 1037 ὥς
470 958 552 1025 ἅπαν
565 960 600 1026 τὸ
613 956 780 1049 πρύοωπον
791 966 847 1043 τῆς
861 956 1026 1043 θαλάσσης
1037 957 1152 1043 ταύτης
1168 957 1277 1044 κισσή-

168 1086 234 1147 ριον
246 1061 487 1143 ίπιπολαζύντων
496 1064 607 1149 γε’μειν.
656 1064 751 1146 μέσον
765 1063 801 1131 δὲ
814 1068 871 1129 τοῦ
883 1059 1063 1147 τηλικούτου
1076 1063 1173 1149 πυρὸς
1185 1068 1279 1147 νῆσος

169 1166 446 1253 ἀπογεοκθεῖσα·τῇ
465 1168 610 1253 λεγομένη
631 1165 701 1257 ἱερᾷ
720 1162 805 1255 νήσῳ
828 1163 977 1253 συνήφθη
987 1212 999 1245 ,
1023 1164 1119 1251 μήπω
1143 1166 1180 1233 τὸ
1205 1167 1277 1253 πρὶν

168 1260 248 1335 cicc
256 1317 267 1348 ‚
291 1269 364 1335 ἀλλ’
385 1265 428 1347 ὥς
445 1270 479 1335 αἶ
494 1274 721 1358 προρρηθεῖσαι
737 1267 831 1357 Θήρα
845 1294 878 1335 τε
895 1272 946 1335 καλ
966 1268 1109 1359 Θηραοία
1123 1270 1197 1337 ποτὲ
1212 1270 1277 1347 ίξε·

128 1368 377 1457 λοβράσθηοαν,
401 1372 484 1439 ούτιο
502 1375 553 1439 καλ
574 1371 654 1455 αύτη
674 1378 730 1437 νῦν
750 1374 880 1439 ἐπὶτῶν
902 1368 1022 1455 χρόνιον
1038 1378 1096 1439 τοῦ
1114 1370 1276 1456 θεομάχοο

168 1475 317 1553 Λέοντος.
368 1475 404 1553 ὃς
422 1477 478 1559 τήν
496 1476 568 1541 κατ’
592 1474 688 1541 αύτοῦ
707 1476 799 1541 θείαν
821 1474 916 1562 ὀργήν
940 1472 1017 1561 ύπέρ
1036 1475 1132 1543 αύτοῦ
1149 1472 1275 1562 λογισά-

166 1603 259 1659 μενος
279 1579 492 1668 ἀναιδέστερον
511 1578 592 1645 κατὰ
612 1583 675 1645 τῶν
693 1574 788 1663 ύγίιον
804 1584 922 1645 οεπτῶν
933 1576 1056 1646 είκύνων
1069 1578 1168 1667 ἤγειρε
1182 1576 1274 1645 πόλε-

165 1706 236 1765 μον.
286 1682 317 1746 oi
340 1684 443 1766 μέντοι
468 1682 548 1748 κατιλ
570 1681 627 1766 τήν
647 1684 796 1764 βασιλίδα
816 1678 905 1747 πόλιν
919 1680 1006 1766 ύχλοι
1020 1678 1144 1771 σφύδρα
1158 1679 1273 1751 λυπού-

165 1808 252 1867 μενοι
273 1784 357 1875 αύτῷ
377 1810 409 1851 τε
431 1784 557 1870 ἔμελλον
578 1788 719 1851 ἐπελθεῖν
736 1787 788 1850 καί
806 1786 940 1863 πολλούς
952 1784 1131 1883 βασιλικούς
1146 1780 1274 1873 ἀνθρύ-

126 1897 160 1952 15
168 1912 246 1965 παυς
266 1886 403 1969 ἀνεῖλον,
422 1886 495 1967 τούς
513 1914 546 1955 τε
568 1886 762 1965 καθελόντας
780 1886 836 1971 τήν
855 1888 904 1953 ini
923 1894 979 1973 τῆς
998 1886 1133 1976 μεγάλης
1153 1894 1312 1973 χαλκήςο

166 1988 265 2073 πύλης
279 1997 336 2057 τοῦ
350 1992 458 2078 κυρίου
473 1987 593 2072 είκύνα,
613 1988 657 2068 ὡς
668 1992 801 2069 πολλούς
814 1987 890 2075 ύπδρ
902 1998 957 2075 τῆς
969 1992 1123 2077 εὐσεβείας
1136 2016 1273 2079 τιμωρη-

165 2098 262 2175 θήναι
273 2098 375 2175 μελῶν
388 2118 420 2158 τε
432 2090 575 2171 ίκκοπαῖς
588 2097 639 2159 καὶ
652 2091 778 2178 μάστιξι
790 2094 840 2157 καλ
854 2096 984 2177 ίξορίαις
998 2098 1049 2160 καλ
1063 2096 1183 2178 ζημίαις
1196 2092 1275 2160 ύπο·

164 2200 342 2281 βληθῆναι,
366 2198 543 2280 οβεσθῆναί
557 2221 591 2262 τε
607 2202 670 2262 τῶν
685 2198 908 2285 παιδευτηρίων
923 2197 981 2281 τήν
997 2198 1108 2281 εὐσεβῆ
1123 2200 1273 2264 διδασκα-

166 2300 245 2363 λίαν.
294 2299 373 2386 πρδς
395 2298 456 2388 γάρ
477 2306 518 2387 τῇ
540 2300 684 2387 λεγομένη
709 2303 857 2386 βασιλικῇ
885 2301 1043 2389 κινστίρνη
1064 2298 1213 2367 παλάτιον
1235 2292 1274 2387 ήν

122 2399 292 2485 2οσεμνύν,
311 2405 345 2468 ἓν
363 2394 390 2493 ᾧ
408 2400 489 2468 κατά
503 2400 599 2469 τύπον
612 2402 740 2489 ύρχαῖον
753 2402 960 2487 οἰκουμενικδς
972 2404 1108 2490 ἐκάθητο
1122 2401 1273 2471 διδάσκα-

165 2511 237 2585 λος,
262 2504 340 2589 ἔχων
356 2505 505 2590 μαθητάς
522 2503 603 2595 λύγῳ
624 2508 677 2571 καί
695 2506 756 2595 βίῳ
771 2506 902 2589 σεμνούς
917 2507 971 2574 τὸν
986 2508 1125 2595 ἀριθμὸν
1139 2506 1273 2575 διύδεκα.

165 2600 249 2674 οὗτοι
279 2616 382 2675 πάσαν
411 2608 536 2695 λογικήν
563 2607 732 2693 ἐπιστήμην
759 2606 845 2693 τάχει
869 2636 900 2677 τε
925 2613 977 2677 καλ
999 2612 1123 2697 μεγέθει
1151 2608 1273 2699 φύσεως

163 2707 378 2802 μετερχόμενοι
391 2711 449 2797 ούχ
462 2710 572 2799 ἥκιστα
587 2712 644 2798 τήν
655 2712 907 2799 ίκκληοιαστικήν
920 2710 1073 2803 μετήισαν
1082 2716 1272 2804 θεοσοφίαν·

163 2979 198 3033 ab
219 2976 331 3031 ardente
353 2976 464 3030 {craece
487 2991 618 3043 sorgeos3
641 2990 696 3043 qus
710 2972 836 3043 paulatim
852 2974 964 3029 densata
981 2976 1061 3046 inque
1075 2974 1190 3045 lapidem
1206 2994 1270 3031 con·
1301 2962 1308 2979 ⁸

162 3046 355 3168 tinniit
374 3043 1270 3185 itti:timisti,:institituit

163 3195 221 3238 star
238 3202 287 3252 per
302 3191 384 3237 totam
402 3183 490 3236 Asiam
508 3184 651 3249 minorem,
666 3182 782 3234 Lesbum
800 3156 976 3251 Abyduffiqaa
993 3190 1020 3237 ct
1037 3183 1191 3236 maritimam
1208 3182 1269 3237 Ma-

162 3254 299 3307 cedoniarn
324 3252 430 3305 disiecti
455 3259 534 3322 sant,
559 3251 600 3305 ita
615 3260 647 3305 ut
662 3251 787 3305 universa
804 3250 887 3304 iacies
904 3252 962 3305 eius
979 3250 1058 3305 maris
1075 3252 1222 3320 pumicibus
1241 3252 1270 3305 in

162 3339 261 3375 summo
285 3321 433 3375 iacentibus
454 3330 527 3375 tecta
548 3321 641 3373 fuerit.
674 3323 703 3373 iu
724 3320 812 3373 medio
836 3320 907 3389 ignis
930 3320 1006 3374 huius
1023 3322 1110 3374 insuia
1126 3322 1153 3375 in
1171 3332 1271 3377 terram

161 3391 313 3461 constipata
329 3391 484 3461 Hieraeque
499 3390 602 3445 insulae
654 3397 731 3459 gesta
746 3398 803 3455 ast3
825 3406 893 3461 quae
911 3398 973 3445 anta
991 3406 1120 3460 nunquam
1138 3390 1203 3459 fuit,
1222 3390 1270 3445 sed

161 3462 292 3529 quomodo
309 3460 370 3513 oiim
387 3460 479 3513 Thera
495 3469 525 3513 ct
539 3460 672 3513 Therses
689 3469 849 3528 eruperunt,
874 3458 912 3512 itu
936 3468 965 3513 at
987 3460 1089 3513 isthaec
1113 3467 1202 3515 aetate
1219 3460 1270 3514 deo

162 3530 270 3583 adversi
284 3530 392 3583 Leonis.
427 3539 544 3583 ceterum
560 3529 618 3582 Leo
654 3538 759 3581 uantum
776 3528 804 3581 in
821 3546 851 3580 so
869 3529 912 3582 dei
928 3528 994 3581 iram
1013 3528 1174 3583 concitasset
1189 3546 1271 3599 repu-

161 3610 237 3667 tans,
260 3599 439 3667 impudentius
461 3598 620 3652 venerandis
639 3598 800 3667 imaginibus
817 3598 913 3651 beilum
930 3598 1023 3653 movit.
1057 3614 1140 3668 quare
1156 3598 1272 3683 populus

161 3670 251 3738 regiae
270 3670 342 3722 urbis
363 3668 513 3721 vehementi
530 3668 621 3721 doiore
638 3668 756 3737 percitus
773 3684 830 3719 cum
847 3666 932 3738 ipsum
951 3668 1065 3721 Leonem
1083 3676 1178 3723 statuat
1194 3684 1272 3721 nnva-

160 3740 242 3805 dere,
259 3746 313 3792 tum
331 3738 428 3791 multos
444 3738 529 3805 ipsius
543 3738 705 3791 domesticus
720 3736 881 3802 trucidarit,
899 3747 979 3807 uupue
997 3756 1043 3791 aus
1063 3738 1142 3791 etiam
1159 3738 1206 3805 qui
1223 3737 1272 3800 im-

161 3809 275 3876 positam
292 3824 403 3875 magnae
420 3824 517 3860 aereas
534 3816 628 3876 portae
640 3806 780 3875 imaginem
794 3806 893 3861 domini
906 3808 1074 3863 auferebant.
1108 3822 1161 3876 quo
1175 3808 1272 3861 iactum

161 3887 203 3929 est
220 3885 250 3931 ut
266 3876 341 3929 mulsi
359 3894 408 3947 pro
426 3877 528 3947 pietate
545 3888 741 3947 propugnantes
759 3876 897 3945 suppliciis
914 3878 1101 3943 afficerentur,
1127 3875 1174 3929 aiii
1191 3892 1271 3929 mem·

161 3947 217 3999 bris
230 3946 358 4012 mutilati,
375 3946 420 3998 aiii
438 3945 550 4013 tiagaiiis
567 3946 669 3999 exsiliis
686 3954 715 3999 et
732 3944 820 3999 moitis
838 3945 941 4015 puniti3
964 3954 1046 4016 utque
1063 3944 1109 4015 pie
1125 3945 1273 3999 τολιοΙοιοοι

159 4016 281 4069 doctrina
299 4024 424 4069 cessaret.
459 4032 518 4067 nam
534 4017 605 4085 apud
622 4015 723 4084 regiam
740 4015 881 4068 cisternam
899 4014 1025 4087 palatium
1041 4023 1100 4068 erat
1112 4014 1274 4083 venerabile,

159 4086 259 4207 titii
274 4084 618 4221 ἰλλλ,λλλ““ἓλ’.,λλ.“,λ“ἵ
619 4104 628 4138 ¹
635 4100 752 4207 sitit:
753 4082 1273 4208 ¹¹³iiioi²³¹i⁹iii⁶ii²iui⁰iiiiii

159 4223 297 4275 scientiam
321 4222 459 4276 celeritate
482 4232 511 4276 at
533 4221 705 4291 amplitudine
720 4173 823 4291 ingenii
842 4224 1041 4293 percepissent,
1067 4222 1273 4277 ecclesiasticam

159 4292 308 4347 divinarum
324 4308 413 4347 rerum
428 4292 587 4363 sapientiam
603 4292 659 4349 acri
682 4294 772 4349 studio
790 4294 955 4349 mutabant:
983 4294 1084 4363 absqam
1098 4292 1191 4349 hurum
1208 4310 1272 4347 cour
