3025 4784
212 1179 703 1294 GUlLlELMI
782 1179 838 1286 X
862 1182 907 1288 Y
934 1182 979 1318 L
1003 1177 1125 1287 AN
1148 1177 1199 1284 D
1223 1178 1316 1284 R}

501 1432 506 1441 „
594 1357 945 1468 Aonnsnnus
1027 1358 1091 1446 ’.’
1178 1339 1200 1361 ”

271 1543 329 1620 ne
355 1519 576 1622 osorton
598 1513 1084 1627 cnunurufnunnnus
1112 1535 1246 1612 snos

320 1664 324 1672 “
399 1657 401 1670 ’
656 1645 872 1779 smnus
1006 1658 1009 1664 ’

332 1845 392 1901 ΑΒ·
408 1847 641 1906 rutenenses
669 1847 733 1902 ΕΤ
753 1843 981 1901 enmosos
1011 1841 1206 1898 nomos·

205 1989 446 2064 unaucurt
460 1997 517 2067 en
534 1995 575 2064 n.
587 1959 784 2074 rumonus
798 1959 1041 2071 nunnsnos
1053 1985 1231 2054 neroum
1247 1987 1312 2058 rr.

238 2135 419 2192 nnuma
427 2137 647 2208 emmae,
666 2125 899 2192 KIRCHBBROE
913 2133 967 2187 ET
984 2133 1277 2190 wmosnorfflom

588 2274 591 2282 .
614 2239 786 2294 DOMINOS
806 2253 901 2324 unns
966 2252 970 2262 ·

297 2334 521 2399 onmem
534 2340 756 2404 nmmum
764 2334 943 2396 sunum
955 2337 1218 2397 (mmm.

659 2569 866 2590 ψ

209 2730 355 2852 Georgii
377 2765 501 2833 Cedrsui
518 2767 724 2854 Annalesqui
749 2761 880 2852 auspiciis
901 2785 936 2828 ae
955 2761 1087 2848 impensis
1109 2765 1226 2841 uestris,
1249 2764 1312 2833 Viri

207 2868 387 2952 amplissimi,
420 2891 507 2933 ame
527 2891 582 2933 non
607 2869 667 2936 sine
691 2871 802 2954 magnis
820 2867 959 2933 aerumnis
987 2852 1164 2933 tudertinam
1187 2867 1312 2955 linguam

207 2972 338 3034 conversi
352 2973 381 3034 in
395 2969 533 3056 publicum
546 2969 632 3036 hodio
647 2981 763 3044 exeunt,
784 2990 837 3053 pro
847 2983 927 3032 more
942 2968 1116 3032 dedicaturus
1130 2965 1176 3033 diu
1188 2970 1310 3033 muitum·

207 3093 264 3158 que
288 3072 413 3159 eogitari
434 3093 552 3157 quanam
572 3069 608 3135 do
629 3093 662 3137 re
675 3071 844 3157 potissimum
859 3069 932 3156 apud
952 3089 1004 3133 vos
1028 3069 1205 3132 dissererem.
1248 3071 1311 3134 sive

207 3173 282 3236 enim
300 3171 439 3238 historias
461 3171 591 3236 utilitates
611 3173 795 3258 explicandae
816 3185 923 3246 esseut,
951 3191 1005 3256 quo
1026 3169 1075 3234 hio
1089 3169 1165 3233 iiber
1184 3171 1311 3268 prodiret

207 3273 426 3339 commendatior
450 3283 532 3359 atquo
557 3275 680 3360 gratior,
701 3273 867 3359 iampridem
891 3273 920 3339 id
940 3270 1112 3358 propositum
1134 3271 1173 3332 ita
1194 3273 1312 3356 oupioso

207 3387 362 3460 ornateque
383 3397 481 3439 noram
498 3397 518 3438 a
531 3377 641 3438 summis
661 3377 731 3440 uiris
744 3387 902 3452 tractatum,
914 3381 953 3439 'ut
969 3375 1038 3438 eitra
1058 3375 1238 3458 arrogantius
1254 3375 1308 3439 ori·

203 3479 272 3540 'meu
285 3497 340 3540 uou
354 3497 466 3562 possem
481 3477 576 3540 conari
591 3478 643 3540 ista
652 3475 699 3542 vel
713 3477 884 3562 amplificare
905 3475 952 3540 vei
966 3477 1049 3539 etiam
1063 3474 1211 3539 incuicare.
1249 3477 1310 3540 siue

209 3581 241 3643 in
254 3579 352 3644 vestris
366 3578 491 3643 laudibus
510 3577 704 3663 praedicandis
724 3578 884 3665 occupanda
904 3580 1012 3652 oratio,
1033 3576 1069 3639 ad
1092 3598 1160 3660 quas
1182 3577 1311 3662 proiecto

212 3679 384 3744 illustrandas
409 3681 605 3767 augendaeque
631 3680 706 3745 haee
726 3679 850 3746 Cedreui
869 3682 964 3746 versio
987 3681 1128 3764 editioque
1153 3679 1311 3745 conducere

210 3780 314 3855 debet,
339 3781 402 3868 quid
427 3783 463 3846 iis
487 3783 641 3846 ornamenti
659 3793 772 3867 poterat
789 3805 855 3846 moa
868 3782 997 3846 couiesue
1012 3780 1149 3845 infanda?
1178 3793 1224 3845 aut
1242 3801 1309 3866 qno·

209 3881 381 3967 tusqnisquo,
403 3895 432 3945 ut
445 3905 516 3947 nune
536 3893 596 3947 sunt
609 3904 703 3948 mores
719 3882 876 3960 homiuuui‚
897 3903 953 3947 uon
973 3883 1064 3968 potius
1082 3883 1248 3947 assentando
1264 3903 1311 3946 mo

207 4005 304 4047 nunnus
318 3995 432 4068 captare
446 4007 527 4070 quam
540 3982 614 4072 grati
636 3986 721 4052 suiuui
739 3983 969 4071 significationem
986 3987 1060 4050 raris
1073 3985 1200 4050 virtutum
1215 4005 1309 4047 exem-

207 4085 264 4170 plis
280 4085 501 4149 demonstrandis
515 4086 792 4171 commendandisqus
816 4087 902 4152 edere
923 4098 985 4152 erat
1004 4085 1193 4153 iudicaturus?
1216 4087 1310 4167 itaque

207 4185 387 4272 hornunge
410 4195 551 4271 utrumqne
570 4188 692 4273 prudeus
714 4189 860 4274 sciensque
879 4189 977 4268 omisi,
999 4188 1165 4277 praesertim
1188 4210 1248 4254 oum
1263 4207 1309 4252 re·
