3025 4784
561 319 886 388 obolostate.
1228 349 1280 394 m

179 487 327 558 Germania
352 487 442 555 bello
456 487 583 556 liumus
607 501 722 570 rema,
754 512 888 580 agrorum
910 495 1145 582 populationibus,
1161 494 1279 562 'arbium

177 592 376 658 rxnadouibus
395 613 545 668 coneum,
573 594 771 679 imperatorem
791 596 902 660 miseris
926 599 1024 663 dudmn
1048 601 1188 687 imperare
1211 621 1276 666 coe·

178 695 253 778 pisas
264 715 323 758 nou
337 693 480 772 diffitetur.
501 693 573 759 baec
591 694 671 760 latius
692 710 876 782 mssquentnr
894 697 1154 788 borumtemporum
1168 701 1284 769 dimrti..

177 797 318 885 egostplo
332 796 500 862 remisdcra
510 797 589 884 attigi
602 809 722 873 mutant,
743 809 772 861 et
785 795 859 884 quod
872 798 986 886 longum
999 815 1073 866 eoect
1086 803 1276 889 ea'prosequi,

178 909 205 960 et
220 898 295 982 quod
309 896 433 962 verebar
451 919 487 961 nc
498 895 641 964 dastidium
655 912 818 964 nasceretur
827 921 869 963 ex
890 899 1025 984 plurima.
1065 906 1179 968 eaelum·
1191 904 1279 988 igitur

178 999 329 1064 ambitione
339 997 472 1063 affectent
486 1002 577 1065 exteri
592 1003 760 1086 (quanquam
776 1001 990 1086 expilationibus
1009 1005 1116 1070 caelum
1135 1027 1191 1070 non
1203 1005 1276 1090 peti·

179 1111 240 1176 tur,
260 1099 310 1164 ssd
330 1099 473 1186 religione
494 1112 523 1164 et
535 1103 656 1186 pietate,
678 1122 750 1187 quae
770 1123 857 1189 reges
870 1101 1121 1170 Christianissimos
1141 1105 1224 1168 astris
1236 1105 1276 1166 in·

182 1203 298 1280 munt),
316 1200 410 1264 aliena
425 1223 515 1289 regna
528 1203 611 1266 avido
631 1205 722 1268 animo
744 1204 912 1288 pervadant:
936 1205 1064 1290 quamdiu
1084 1205 1166 1269 stabit
1186 1201 1279 1268 Gallia

184 1301 349 1366 ualidissima
369 1315 507 1368 terrarum
527 1327 594 1390 pars
622 1308 717 1390 (quam
736 1306 873 1391 pereundi
891 1305 1003 1392 legibus
1022 1305 1086 1370 aliis
1106 1327 1187 1392 quam
1206 1325 1279 1388 quae

180 1403 243 1467 orbi
264 1415 400 1469 terrarum
422 1406 568 1490 impositae
595 1419 672 1484 suut,
695 1407 812 1472 latorum
835 1409 878 1470 vis
897 1418 1012 1470 aeterna
1031 1406 1078 1469 vel
1098 1407 1189 1490 potius
1210 1403 1278 1467 deus

179 1505 297 1569 latorum
312 1505 419 1570 arbiter
443 1517 472 1570 et
494 1505 670 1592 dispensator
683 1510 801 1589 exemit)
818 1519 919 1592 coepta
943 1508 985 1570 cis
1003 1528 1138 1591 nuupuam
1156 1528 1194 1569 ex
1213 1515 1279 1567 voto

177 1607 336 1671 succedent.
380 1629 441 1672 cum
459 1619 550 1674 autem
569 1611 764 1675 serenissimus
782 1611 912 1694 princeps
929 1616 1024 1670 noster
1044 1627 1111 1691 spes
1131 1607 1213 1671 tutius
1225 1623 1277 1689 ge·

175 1707 254 1770 neris
269 1707 380 1771 humani
394 1709 544 1786 adulescit,
566 1731 627 1776 cum
646 1713 731 1775 animi
746 1713 806 1776 eius
819 1713 861 1775 vis
875 1710 1018 1796 augescit,
1039 1707 1122 1783 tibi,
1143 1705 1276 1771 Cardine-
1383 1749 1387 1755 -

176 1807 211 1870 lis
226 1808 465 1886 Eminentissime,
484 1833 586 1876 summa
606 1835 699 1878 rerum
715 1815 852 1897 permissa
870 1821 928 1887 est,
951 1813 1028 1875 euius
1050 1809 1121 1888 lides
1144 1809 1172 1873 in
1193 1805 1278 1871 rebus

176 1907 350 1974 difficillimis
376 1923 512 1996 spectata,
545 1915 621 1976 cuius
645 1914 757 1977 devotio
781 1932 854 1998 erga
881 1913 1035 1999 principem
1062 1930 1145 1976 omne
1168 1909 1279 1972 vincem

176 2011 345 2097 exemplum
389 2033 470 2078 ucmo
484 2015 511 2078 iu
525 2026 665 2100 posterum
678 2011 722 2077 'le
736 2033 829 2076 rerum
843 2014 1021 2078 moderatore
1034 2024 1089 2076 tam
1102 2031 1214 2075 securus
1229 2027 1278 2093 po

177 2113 284 2176 tentiae
307 2112 363 2177 erit
383 2125 412 2177 ut
433 2113 531 2179 Gallos
554 2137 629 2202 pene
653 2116 726 2179 iuter
748 2112 853 2178 lerrtun
877 2127 905 2180 et
924 2135 1001 2178 arma
1020 2125 1099 2176 natos
1121 2129 1279 2195 provocare

176 2213 226 2276 vel
240 2211 387 2278 offendere
402 2214 516 2291 audeat,
539 2238 608 2302 quos
628 2213 766 2302 intelliget
785 2213 885 2280 nullius
902 2215 987 2278 armis
1010 2235 1075 2278 esse
1094 2209 1276 2297 superabiles.

178 2335 266 2376 nemo
284 2313 394 2380 Galliae
417 2319 510 2382 socios
530 2328 576 2382 aut
593 2316 755 2383 foederatos
776 2316 911 2390 lacesset3
942 2335 1025 2379 nemo
1048 2315 1153 2379 amicos
1172 2310 1277 2385 laedet,

179 2415 231 2499 qni
259 2411 314 2476 boc
340 2414 450 2482 Gallias
481 2417 599 2494 debent,
631 2430 660 2482 ut
685 2420 731 2504 qui
755 2437 860 2481 summa
882 2439 943 2481 eum
967 2416 1068 2480 iniuria
1090 2426 1119 2478 et
1141 2413 1278 2476 bonorum

177 2515 302 2580 omniun
325 2515 515 2603 indignatione
539 2517 655 2584 fortunis
669 2519 724 2582 suia
739 2519 815 2583 exuti
829 2518 904 2582 velut
921 2516 987 2581 nndi
1018 2513 1195 2587 exsulabant,
1216 2511 1276 2596 ple·

76 2683 80 2690 .
176 2619 519 2686 damascensium:
553 2631 629 2684 tanta
655 2629 697 2683 est
721 2640 783 2683 cnm
802 2619 876 2682 sacri
895 2618 1013 2683 nominis
1041 2617 1096 2680 ‘lui
1113 2613 1277 2687 ueneratio,
1406 2638 1409 2642 ·

177 2731 236 2784 tum
270 2720 384 2806 imperii
419 2719 520 2785 Gabini
555 2719 674 2784 felicitas
703 2739 819 2805 semper
849 2718 959 2782 invicta.
1017 2739 1114 2783 nerum
1143 2735 1199 2802 quo
1227 2716 1277 2778 im-

176 2821 274 2908 pellor
294 2841 353 2908 ego
381 2819 459 2888 laudi
483 2821 641 2908 impotens?
678 2823 831 2886 nonenim
848 2821 959 2885 multmu
979 2819 1116 2884 iuteresse
1141 2829 1208 2904 puto
1240 2817 1277 2882 si·

174 2946 215 2990 ve
235 2924 298 3010 quis
318 2924 421 2988 lamam
449 2923 565 2988 alicuius
592 2922 702 2997 laedat,
743 2924 804 2988 sive
833 2920 908 2988 iuna
937 2922 1102 3011 dignitatem
1129 2941 1193 2984 eum
1219 2916 1277 2981 lau·

176 3029 236 3093 det.
294 3049 352 3093 non
377 3046 490 3112 possum
517 3035 608 3088 tamen
646 3025 712 3089 heiu
738 3027 810 3089 citra
849 3026 955 3088 crimen
981 3025 1086 3110 ingrati
1119 3018 1278 3106 praeterire
1329 3022 1333 3031 “

174 3131 253 3218 quud
280 3131 401 3194 omnium
422 3125 657 3190 commendatione
686 3125 875 3213 dignissimum
899 3138 957 3191 cst:
1001 3124 1199 3190 bibliothecam
1224 3121 1277 3185 sci-

174 3235 247 3300 licet
269 3233 361 3297 mnltis
382 3228 518 3296 librorum
550 3225 660 3294 milibus
682 3238 851 3294 eonnuutan
874 3227 1030 3306 instituisti,
1059 3248 1140 3313 quam
1164 3223 1279 3289 eruditis

175 3331 307 3398 erunibus
319 3342 419 3417 patero
431 3329 483 3394 vis.
525 3330 554 3392 in
568 3350 622 3415 qua
634 3329 766 3415 quidquid
780 3327 874 3394 Gallia
891 3329 1025 3393 bonarum
1043 3329 1143 3393 artium
1162 3324 1277 3390 feracis·

174 3439 264 3511 sima,
288 3431 422 3520 apudqaid
444 3431 522 3496 ltalia
546 3430 593 3494 vel
618 3430 770 3496 Germania
794 3429 928 3494 eruditum
947 3431 1075 3518 protulit,
1101 3426 1227 3492 invenire
1247 3425 1279 3488 in

178 3536 256 3602 lucili
269 3547 319 3600 est.
362 3537 458 3599 omitto
471 3531 618 3618 praeclara
632 3531 681 3596 illa
696 3551 850 3607 marmora,
870 3535 1026 3617 principun
1048 3543 1076 3596 et
1095 3529 1217 3593 virorum
1229 3525 1278 3612 qui

178 3637 273 3701 literis
286 3635 570 3710 clarummontem,
596 3655 664 3721 quas
680 3657 741 3699 cum
753 3633 851 3698 videas
870 3646 899 3697 et
913 3635 1019 3721 ingenii
1039 3641 1212 3697 monumenta
1235 3627 1277 3690 le·

179 3759 253 3824 gae.
277 3749 356 3822 putee
368 3758 423 3802 non
442 3747 515 3802 muta
533 3757 670 3802 marmora
690 3737 891 3812 redanimata,
914 3748 943 3798 et
956 3757 1052 3800 eurum
1067 3754 1124 3798 uon
1136 3729 1277 3797 interiissc

180 3859 313 3923 corpora,
334 3839 384 3903 sed
398 3861 459 3904 eun
479 3838 632 3924 animorpm
652 3837 727 3902 foetu
748 3837 786 3902 de
806 3839 982 3921 perennitate
1001 3847 1120 3902 certare.
1142 3853 1196 3919 quo
1217 3830 1275 3916 qui·

178 3941 249 4005 dem
261 3941 382 4028 egregio
395 3941 469 4006 lacto
489 3936 660 4006 literatiores
678 3959 801 4026 quosque
814 3936 882 4003 'l'ibi
894 3939 1033 4004 obnoxios
1051 3935 1157 4011 faciei,
1179 3945 1208 3997 et
1220 3952 1276 3994 nou

176 4045 270 4108 ruinas
282 4045 311 4108 in
324 4065 376 4109 ore
390 4042 529 4107 bumiumn
542 4043 606 4128 agis
625 4064 707 4128 quam
720 4053 837 4129 propter
855 4039 927 4105 alias
939 4041 1097 4106 acerrimae
1114 4034 1214 4100 mentis
1225 4031 1275 4095 dc·

177 4155 239 4217 tea;
263 4165 301 4210 ex
325 4144 427 4230 quibus
448 4143 515 4208 boni
538 4164 635 4208 omues
652 4143 808 4230 intelligunt
825 4154 901 4206 tanto
913 4141 959 4207 Te
977 4140 1098 4208 caeteris
1117 4133 1278 4201 mortalibus

178 4246 358 4330 superiorem
379 4265 457 4320 esse,
478 4254 578 4331 quanto
600 4245 707 4312 lcrtuna
729 4243 792 4310 'lua
811 4244 952 4311 excelsior
969 4254 1000 4309 et
1021 4240 1208 4329 praestantior
1226 4249 1276 4303 cst.
