3025 4784
555 235 897 336 rasponum.
1226 260 1277 309 n

63 377 67 386 ⁸
173 431 239 500 qum
257 419 366 497 pastor-
376 406 480 476 nesto
497 409 595 476 odisse
614 405 670 485 sit,
684 444 688 456 ·
700 405 880 496 isosdpsuc
902 414 1028 498 κορυφᾷ
1044 410 1161 480 saddoc
1178 405 1277 496 δόμον

173 511 391 598 uipops'dmuc.
433 524 462 580 et
486 515 596 602 quidem
610 519 740 586 Graecae
766 514 883 602 iingnue
906 537 957 578 nsu
970 513 1128 579 Csdreurmr
1153 511 1188 578 iis
1208 535 1278 600 quos

171 617 308 680 mminavi
321 614 410 680 multo
421 615 584 684 mist-iorem
596 621 672 697 esse,
693 618 839 704 multoque·
850 615 939 680 mium
951 615 982 680 in
993 637 1046 680 suo
1057 613 1121 680 foro
1135 615 1276 692 dinem,

170 739 223 782 son
236 717 387 782 difficulter
398 717 555 784 indicabunt
576 722 713 798 dectores;
737 741 793 806 que
806 719 896 786 minu
908 717 996 782 babet
1016 717 1100 782 etium
1119 716 1194 802 qaod
1210 739 1275 782 oon·

50 846 53 854 ·
169 831 314 904 paratur,
339 819 366 882 si
390 819 493 886 Latine
515 823 608 908 purius
633 823 654 888 ii
673 821 840 906 nitidiusque
855 820 918 906 ipso
933 817 1088 904 loquuntur.
1130 821 1278 885 moesos

168 923 307 1005 qomodo
319 921 391 987 mibi
405 923 505 990 auuidit
524 936 554 990 ut
576 925 712 990 interdurn
732 923 849 996 ἱιιιίιιιι,
868 920 961 1006 ansgis
981 934 1075 988 tanen
1095 921 1192 999 solito,
1214 921 1274 986 bui·

168 1022 288 1088 bstirem
308 1025 372 1108 ipso
390 1027 490 1101 edam,
513 1024 576 1090 dum
596 1024 757 1112 praeeuntis
776 1021 868 1088 verba
887 1022 1042 1108 subsequor
1068 1034 1098 1087 et
1116 1024 1277 1108 exprimere

170 1145 267 1190 conon
308 1124 431 1189 sedboc
443 1126 633 1214 quidquidsst
655 1125 741 1206 msii,
762 1123 963 1212 aspenimitus
981 1124 1181 1194 leutormnvsl
1196 1124 1275 1192 dissi·

52 1297 56 1306 ,
171 1225 286 1291 mnisbit
303 1224 349 1290 usi
369 1228 506 1316 corriget.

253 1361 401 1448 Postquam
415 1385 476 1443 vos,
497 1363 672 1432 Maecenatis
692 1363 805 1430 nomine
826 1362 982 1452 dignissimi
994 1361 1118 1442 bernes,
1134 1359 1208 1427 uitro
1221 1383 1275 1447 pro

170 1476 262 1530 vestra
285 1465 461 1552 benignitate
486 1467 522 1532 de
546 1490 593 1532 me
616 1470 735 1534 honesto
749 1469 916 1541 sentientes,
938 1463 1088 1550 impulsore
1101 1465 1222 1529 maxime
1236 1465 1273 1528 1).

167 1567 313 1633 Ludos-ico
327 1567 441 1646 Carino,
456 1589 525 1634 sens
539 1569 626 1658 longo
640 1571 800 1636 doctissimo
813 1587 939 1652 veroque
951 1566 1096 1630 officiosas
1109 1567 1139 1630 in
1153 1566 1275 1629 cultores

166 1669 304 1736 bonarum
317 1673 417 1736 artium
437 1669 613 1735 humanitatis
627 1671 777 1758 exemplo,
801 1669 938 1755 vobisque
951 1690 1007 1732 non
1019 1667 1125 1753 absque
1139 1667 1272 1754 gravissi·

166 1774 218 1837 mis
231 1774 325 1838 causis
346 1784 374 1838 et
387 1772 495 1836 meritis
507 1773 650 1838 carissimo
665 1787 693 1839 et
707 1774 914 1860 nooeptissimo,
936 1770 975 1834 de
997 1782 1150 1835 meantem
1169 1767 1274 1833 ismdin

165 1875 203 1938 itn
215 1874 321 1938 nerito
335 1885 364 1937 ut
374 1875 527 1959 gratiarnm
543 1876 680 1939 actionem
702 1879 786 1962 (quas
800 1875 874 1938 enim
889 1873 994 1958 possim
1006 1892 1059 1956 pro
1072 1882 1116 1936 tot
1126 1869 1274 1936 benefieiis

37 2029 51 2056 .,
164 1971 218 2038 bae
232 1995 300 2040 mea
314 1975 472 2041 conditione
486 1977 634 2058 reiensi)
648 1977 695 2041 hio
709 1976 786 2040 iocus
798 1975 912 2061 dignum
926 1996 981 2038 non
995 1973 1096 2060 capiat,
1111 1972 1274 2036 memoriam

163 2089 259 2140 autem
272 2075 311 2140 ab
325 2095 362 2140 eo
377 2075 406 2140 in
421 2099 467 2144 me
484 2078 670 2162 proiectorum
689 2075 912 2152 commoditatum
933 2095 980 2140 me
994 2073 1060 2139 rivo
1077 2073 1147 2138 nibil
1170 2073 1206 2137 sit
1221 2073 1273 2137 ob·

163 2173 350 2248 literatorum
380 2177 557 2243 suadentibus
574 2178 648 2242 idem
661 2199 722 2241 cum
736 2176 801 2240 aliis
813 2176 952 2261 primariis
964 2175 1031 2240 viris
1044 2187 1100 2240 tum
1114 2175 1176 2260 ipso
1190 2175 1275 2238 etim

160 2276 290 2351 Woiiio,
310 2277 357 2360 qui
377 2277 459 2359 (nihii
474 2279 531 2342 ism
545 2281 581 2342 de
596 2280 681 2366 ipsius
697 2279 824 2343 laudibus
840 2277 939 2355 dicam,
961 2300 1023 2342 cnm
1038 2277 1275 2363 praedicationem
1324 2350 1333 2366 ,

161 2397 262 2443 meam
275 2377 424 2456 excedant,
443 2401 534 2466 nsque
555 2380 611 2445 hoe
624 2381 677 2445 sihi
699 2380 799 2468 reponi
811 2380 932 2445 muueris
944 2401 998 2465 pro
1015 2378 1073 2443 snis
1089 2378 1198 2445 meritis
1210 2379 1274 2464 ipse

161 2479 276 2567 cupiat)
292 2477 456 2545 abundantia
472 2481 588 2566 quadam
609 2481 712 2545 amoris
734 2505 847 2568 semper
867 2502 914 2546 me
930 2493 1091 2567 prosecutos
1112 2479 1191 2568 qnasi
1204 2480 1273 2544 iam·

161 2582 265 2669 padeun
281 2579 356 2644 banc
370 2579 398 2644 in
411 2581 575 2649 domusione
589 2583 742 2650 vertendae
755 2582 886 2666 Graecae
900 2581 1034 2645 historias
1045 2594 1125 2646 recte
1142 2603 1175 2646 so
1189 2581 1274 2646 tradi·

162 2695 250 2748 turum
265 2681 337 2748 mibi
351 2681 532 2760 existimavit3
552 2699 696 2774 postquam
718 2704 792 2771 ergo
815 2681 936 2748 Cedrcni
958 2681 1138 2747 convertendi
1159 2681 1273 2769 provin·

162 2784 233 2850 eiam
247 2783 320 2850 mihi
333 2781 488 2848 credidistis
501 2786 545 2869 (id
559 2789 633 2873 qnod
645 2787 714 2851 mihi
728 2786 786 2860 fuir,
804 2795 834 2850 nt
847 2783 950 2862 debuit,
968 2783 1178 2874 gratissimum),
1196 2785 1273 2870 eqni·

162 2887 227 2952 dnm
239 2886 273 2951 iu
285 2885 344 2950 hoo
360 2884 469 2950 incubui
491 2899 520 2952 ot
535 2887 735 2976 exspectationi
748 2897 860 2952 vesnao
873 2887 998 2973 meisque
1009 2886 1153 2975 promissis
1165 2899 1272 2952 mature

161 3002 192 3054 et
204 2987 332 3052 bdeiiter
344 2983 544 3054 satisfacerem.
586 2992 680 3057 omnin
702 2989 833 3076 expeditu
854 2987 949 3052 iaeiiis
970 2988 1034 3053 fore
1048 2988 1140 3051 animo
1151 3010 1270 3073 proece-

162 3113 280 3175 peram,
303 3088 424 3154 iomsse
444 3111 500 3154 nou
513 3089 799 3182 nimis'arroganter,
824 3090 913 3176 utqui
930 3090 1200 3177 nonnnnepn'mnm
1214 3090 1271 3154 hoe

161 3213 254 3280 gemus
266 3189 315 3256 rei
330 3191 500 3255 nudandum
514 3194 692 3282 susciperem.
736 3193 788 3258 ssd
809 3192 1005 3279 inprogressn
1019 3203 1112 3260 tamen
1124 3191 1153 3258 id
1168 3212 1267 3280 expet·

39 3313 51 3330 ·
159 3303 281 3361 ιιιιιιιιιι
300 3291 376 3378 quod
389 3291 509 3356 Alcaeus
523 3295 591 3360 olim
605 3296 754 3384 eleganter
767 3293 883 3359 cedris
934 3381 937 3386 Α

294 3462 296 3465 ·
336 3404 340 3413 ¹
374 3429 468 3494 delata
487 3430 517 3495 in
537 3429 621 3496 aitom
641 3453 702 3497 cnm
723 3429 811 3496 semei
831 3442 875 3494 est
887 3449 989 3521 ymmo,

372 3553 534 3622 quocunque
553 3544 703 3621 tempestas
726 3531 855 3610 vocabit,
890 3610 892 3613 Ι

375 3645 405 3700 nt
424 3634 475 3700 tibi
494 3633 574 3700 navis
594 3646 642 3702 eat
662 3656 779 3702 necesso
799 3647 851 3702 est.

160 3765 255 3832 muita
281 3787 358 3854 spem
382 3789 477 3837 meum
505 3769 672 3840 tenuemus.
730 3774 815 3842 insidi
841 3773 871 3840 in
899 3774 965 3838 locu
998 3769 1047 3838 vel
1072 3769 1192 3844 obscura
1220 3771 1270 3835 vol

159 3867 266 3936 uuis
291 3891 392 3959 neps;
439 3872 487 3940 ubi
514 3874 704 3944 omrncuuisi
730 3898 799 3942 unns
825 3876 916 3944 sodes
941 3873 1011 3950 mibi
1039 3872 1271 3940 essetsntalibi

159 3971 271 4036 endem
292 3985 340 4037 sot
362 3972 462 4040 similia
489 3975 644 4064 perseripts
673 3976 852 4065 inpromptu
875 3999 932 4044 non
962 3975 1114 4055 haberem,
1150 3975 1270 4061 oportuit

159 4095 207 4154 me
230 4072 366 4142 haerese
408 4076 581 4168 comesurus
606 4078 667 4147 seio
690 4079 795 4171 aliquid
818 4103 924 4169 posse,
952 4080 1005 4148 sod
1028 4099 1084 4146 eas
1110 4097 1202 4165 neque
1224 4098 1267 4142 sn·

88 4209 92 4218 ·
157 4173 197 4241 tis
221 4187 300 4246 tutas
328 4177 477 4266 diqumdo
506 4195 585 4264 mt,
611 4195 651 4260 ,st
675 4205 736 4254 uon
762 4205 829 4254 roro
852 4187 928 4278 quod
951 4182 1120 4254 coniicersm
1143 4189 1190 4248 aut
1212 4201 1269 4264 quo
